2808 3996
1442 269 1593 340 210

682 452 903 527 Aquae
944 448 1196 528 tepidae
1242 447 1532 528 partibus·
1568 449 1888 530 quiwyentzls
1904 494 2314 507 ..........
2383 450 2511 508 500

858 550 1129 631 limpide
1177 551 1444 622 solutas,
1497 552 1795 610 eontinet.

950 652 1192 727 Quibus
1249 659 1431 712 eaute
1485 655 1731 723 mixtis,
1789 653 2088 732 lagenam
2150 652 2330 731 Aqua

859 753 1110 815 fervida
1187 755 1519 835 impletam
1607 763 1670 814 et
1743 756 1969 815 leviter
2047 754 2331 815 clausam

862 877 1115 937 sepone.

949 959 1246 1038 Liquere,
1298 961 1406 1039 qui
1447 960 1798 1020 sedimento
1841 966 2188 1039 superstat,
2237 979 2328 1019 re-

860 1071 1054 1134 motO,
1081 1063 1378 1141 lagenam
1388 1063 1575 1142 Aqua
1601 1062 1847 1122 fervida
1867 1064 2094 1122 iterum
2111 1063 2326 1142 imple,

858 1166 1211 1244 iterumque
1303 1165 1646 1243 liquorem,
1749 1172 2092 1244 postquam
2185 1164 2328 1224 sub-

860 1267 1121 1338 sederit,
1216 1267 1548 1338 abstrahe,
1642 1266 1710 1326 id
1794 1266 1967 1346 quod
2051 1269 2327 1338 iteretur,

858 1370 1074 1448 quoad
1160 1369 1370 1449 liquor
1444 1369 1658 1448 Baryo
1743 1370 1975 1428 nitrieo
2059 1369 2329 1429 vixdum

856 1471 1167 1531 turbetur.

946 1574 1005 1634 A
1074 1594 1202 1654 quo
1281 1574 1708 1635 sedimentum
1777 1593 1972 1655 quam
2050 1575 2329 1634 maxime

858 1677 1202 1737 liberatum
1262 1679 1330 1737 in
1392 1679 1615 1758 patina
1675 1678 2108 1758 poreellaniea
2162 1697 2328 1738 eom-

859 1782 1053 1839 misee
1102 1799 1246 1840 eum

682 1882 987 1942 Saeehari
1032 1883 1349 1961 pulverati
1389 1882 1669 1962 partibus
1714 1889 1840 1944 octo
1859 1929 2314 1943 ...........
2463 1887 2505 1943 8

862 1993 923 2044 et

681 2086 893 2146 Mellis
942 2086 1233 2166 depurati
1270 2086 1550 2166 partibus
1594 2088 1792 2168 viyz‘ntz‘
1832 2108 1933 2148 sex
1950 2135 2315 2148 .........
2419 2090 2532 2152 262

858 2207 1053 2268 quam
1086 2191 1457 2248 mixtionem
1502 2191 1570 2248 in
1612 2190 1843 2249 balneo
1876 2192 2136 2270 vaporis
2170 2191 2326 2251 eele-

857 2293 1009 2351 riter
1054 2292 1274 2371 redige
1323 2291 1406 2351 ad
1453 2291 1711 2372 pondus

681 2395 950 2456 Partium
997 2395 1396 2476 quadraginta
1413 2443 2313 2456 .....................
2427 2399 2530 2458 40.

594 2496 787 2578 Cujus
857 2516 1105 2556 massae
1175 2517 1207 2556 e
1270 2499 1625 2579 yrammalz's
1692 2499 1925 2575 vicenis,
2008 2498 2230 2559 addita
2296 2498 2532 2558 Radiee

505 2600 819 2659 Althaeae
865 2600 1229 2680 pulverata,
1286 2599 1495 2659 forma
1544 2601 1776 2680 pilulas
1825 2601 2128 2671 ducentas,
2181 2621 2344 2681 quae
2391 2602 2530 2681 pul-

503 2722 654 2762 vere
703 2701 967 2761 Cortieis
1015 2702 1416 2762 Cinnamomi
1466 2711 1984 2782 conspergantur.

592 2804 838 2864 Pilulae
886 2805 1176 2884 singulae
1225 2807 1549 2865 continent
1592 2805 1767 2864 Ferri
1807 2811 2151 2886 qramrnata
2197 2804 2410 2883 0,025.

1086 3038 1456 3124 Pilulae
1516 3039 1587 3124 J
1592 3037 1676 3122 al
1686 3063 1952 3150 apae.

681 3214 957 3294 Saponis
994 3213 1262 3294 jalapini
1299 3219 1505 3294 partes
1549 3219 1664 3275 tres
1688 3260 2406 3277 .................
2466 3198 2512 3276 3'

859 3324 919 3375 et

683 3420 1009 3477 'rubei-um
1055 3419 1324 3498 Jalapae
1369 3419 1848 3498 pulveratorum
1880 3425 2119 3499 partem
2150 3440 2359 3481 unam.
2392 3468 2404 3479 .
2468 3425 2501 3480 1
