<?xml version="1.0" encoding="UTF-8"?>
<!DOCTYPE html PUBLIC "-//W3C//DTD XHTML 1.0 Transitional//EN"
    "http://www.w3.org/TR/xhtml1/DTD/xhtml1-transitional.dtd">
<html xmlns="http://www.w3.org/1999/xhtml" xml:lang="en" lang="en">
 <head>
  <title>
</title>
<meta http-equiv="Content-Type" content="text/html;charset=utf-8" />
  <meta name='ocr-system' content='tesseract 3.04.00' />
  <meta name='ocr-capabilities' content='ocr_page ocr_carea ocr_par ocr_line ocrx_word'/>
</head>
<body>
  <div class='ocr_page' id='page_1' title='image "./pharmacopagerman00berluoft_0185.png"; bbox 0 0 2808 3996; ppageno 0'>
   <div class='ocr_carea' id='block_1_1' title="bbox 1273 251 1417 323">
    <p class='ocr_par' dir='ltr' id='par_1_1' title="bbox 1273 251 1417 323">
     <span class='ocr_line' id='line_1_1' title="bbox 1273 251 1417 323; baseline 0 0"><span class='ocrx_word' id='word_1_1' title='bbox 1273 251 1417 323; x_wconf 87' lang='grc'>167</span> 
     </span>
    </p>
   </div>
   <div class='ocr_carea' id='block_1_2' title="bbox 341 428 2431 2049">
    <p class='ocr_par' dir='ltr' id='par_1_2' title="bbox 341 428 2358 826">
     <span class='ocr_line' id='line_1_2' title="bbox 345 428 2355 515; baseline -0.006 -16"><span class='ocrx_word' id='word_1_2' title='bbox 345 437 492 499; x_wconf 73' lang='lat' dir='ltr'>tibus</span> <span class='ocrx_word' id='word_1_3' title='bbox 535 440 758 496; x_wconf 77' lang='lat' dir='ltr'>centum</span> <span class='ocrx_word' id='word_1_4' title='bbox 803 432 1268 515; x_wconf 78' lang='lat' dir='ltr'>propemodum</span> <span class='ocrx_word' id='word_1_5' title='bbox 1322 432 1647 515; x_wconf 73' lang='lat' dir='ltr'>quindecim</span> <span class='ocrx_word' id='word_1_6' title='bbox 1691 430 1863 489; x_wconf 86' lang='lat' dir='ltr'>Kalii</span> <span class='ocrx_word' id='word_1_7' title='bbox 1914 428 2169 510; x_wconf 84' lang='lat' dir='ltr'>hydriei</span> <span class='ocrx_word' id='word_1_8' title='bbox 2216 445 2355 488; x_wconf 73' lang='lat' dir='ltr'>‘eon-</span> 
     </span>
     <span class='ocr_line' id='line_1_3' title="bbox 343 532 2358 618; baseline -0.005 -17"><span class='ocrx_word' id='word_1_9' title='bbox 343 543 635 601; x_wconf 85' lang='lat' dir='ltr'>tinentur.</span> <span class='ocrx_word' id='word_1_10' title='bbox 738 537 1041 599; x_wconf 75' lang='lat' dir='ltr'>Volumine</span> <span class='ocrx_word' id='word_1_11' title='bbox 1094 535 1328 618; x_wconf 76' lang='lat' dir='ltr'>aequali</span> <span class='ocrx_word' id='word_1_12' title='bbox 1368 535 1592 615; x_wconf 91' lang='lat' dir='ltr'>Aquae</span> <span class='ocrx_word' id='word_1_13' title='bbox 1650 533 1913 604; x_wconf 84' lang='lat' dir='ltr'>dilutuS‚</span> <span class='ocrx_word' id='word_1_14' title='bbox 1976 532 2180 592; x_wconf 83' lang='lat' dir='ltr'>Aeido</span> <span class='ocrx_word' id='word_1_15' title='bbox 2234 539 2358 592; x_wconf 86' lang='lat' dir='ltr'>tar-</span> 
     </span>
     <span class='ocr_line' id='line_1_4' title="bbox 341 636 2358 716; baseline -0.004 -14"><span class='ocrx_word' id='word_1_16' title='bbox 341 642 542 702; x_wconf 84' lang='lat' dir='ltr'>tarioo</span> <span class='ocrx_word' id='word_1_17' title='bbox 571 642 641 701; x_wconf 80' lang='lat' dir='ltr'>&#39;m</span> <span class='ocrx_word' id='word_1_18' title='bbox 686 661 945 702; x_wconf 78' lang='lat' dir='ltr'>excessu</span> <span class='ocrx_word' id='word_1_19' title='bbox 985 639 1235 713; x_wconf 82' lang='lat' dir='ltr'>addito,</span> <span class='ocrx_word' id='word_1_20' title='bbox 1284 638 1705 701; x_wconf 89' lang='lat' dir='ltr'>sedimentum</span> <span class='ocrx_word' id='word_1_21' title='bbox 1752 637 1999 708; x_wconf 86' lang='lat' dir='ltr'>album,</span> <span class='ocrx_word' id='word_1_22' title='bbox 2050 636 2358 716; x_wconf 77' lang='lat' dir='ltr'>crystalli-</span> 
     </span>
     <span class='ocr_line' id='line_1_5' title="bbox 341 744 821 826; baseline 0 -22"><span class='ocrx_word' id='word_1_23' title='bbox 341 765 495 805; x_wconf 92' lang='lat' dir='ltr'>num</span> <span class='ocrx_word' id='word_1_24' title='bbox 539 744 821 826; x_wconf 79' lang='lat' dir='ltr'>praebet.</span> 
     </span>
    </p>

    <p class='ocr_par' dir='ltr' id='par_1_3' title="bbox 342 844 2360 1117">
     <span class='ocr_line' id='line_1_6' title="bbox 432 844 2359 931; baseline -0.004 -21"><span class='ocrx_word' id='word_1_25' title='bbox 432 848 590 910; x_wconf 89' lang='lat' dir='ltr'>Cum</span> <span class='ocrx_word' id='word_1_26' title='bbox 649 848 820 929; x_wconf 76' lang='lat' dir='ltr'>eopia</span> <span class='ocrx_word' id='word_1_27' title='bbox 887 846 1261 931; x_wconf 74' lang='lat' dir='ltr'>quadruplici</span> <span class='ocrx_word' id='word_1_28' title='bbox 1315 845 1539 927; x_wconf 83' lang='lat' dir='ltr'>Aquae</span> <span class='ocrx_word' id='word_1_29' title='bbox 1605 845 1929 907; x_wconf 85' lang='lat' dir='ltr'>Calcariae</span> <span class='ocrx_word' id='word_1_30' title='bbox 1994 850 2232 916; x_wconf 76' lang='lat' dir='ltr'>coetus,</span> <span class='ocrx_word' id='word_1_31' title='bbox 2307 844 2359 903; x_wconf 90' lang='lat' dir='ltr'>si</span> 
     </span>
     <span class='ocr_line' id='line_1_7' title="bbox 342 947 2360 1035; baseline -0.003 -23"><span class='ocrx_word' id='word_1_32' title='bbox 342 950 615 1012; x_wconf 88' lang='lat' dir='ltr'>filtratus</span> <span class='ocrx_word' id='word_1_33' title='bbox 663 953 805 1024; x_wconf 86' lang='lat' dir='ltr'>erit,</span> <span class='ocrx_word' id='word_1_34' title='bbox 853 952 1168 1032; x_wconf 81' lang='lat' dir='ltr'>liquorem</span> <span class='ocrx_word' id='word_1_35' title='bbox 1211 950 1468 1023; x_wconf 76' lang='lat' dir='ltr'>efficiat,</span> <span class='ocrx_word' id='word_1_36' title='bbox 1519 951 1628 1030; x_wconf 90' lang='lat' dir='ltr'>qui</span> <span class='ocrx_word' id='word_1_37' title='bbox 1658 951 1728 1009; x_wconf 90' lang='lat' dir='ltr'>in</span> <span class='ocrx_word' id='word_1_38' title='bbox 1760 947 2036 1035; x_wconf 80' lang='lat' dir='ltr'>Aoidum</span> <span class='ocrx_word' id='word_1_39' title='bbox 2066 948 2360 1008; x_wconf 81' lang='lat' dir='ltr'>nitrioum</span> 
     </span>
     <span class='ocr_line' id='line_1_8' title="bbox 343 1053 1187 1117; baseline 0.001 -2"><span class='ocrx_word' id='word_1_40' title='bbox 343 1053 587 1115; x_wconf 84' lang='lat' dir='ltr'>infusus</span> <span class='ocrx_word' id='word_1_41' title='bbox 631 1075 761 1116; x_wconf 92' lang='lat' dir='ltr'>non</span> <span class='ocrx_word' id='word_1_42' title='bbox 803 1055 1187 1117; x_wconf 78' lang='lat' dir='ltr'>effervescat.</span> 
     </span>
    </p>

    <p class='ocr_par' dir='ltr' id='par_1_4' title="bbox 343 1155 2431 1968">
     <span class='ocr_line' id='line_1_9' title="bbox 431 1155 2363 1243; baseline -0.003 -23"><span class='ocrx_word' id='word_1_43' title='bbox 431 1158 707 1221; x_wconf 75' lang='lat' dir='ltr'>Partibus</span> <span class='ocrx_word' id='word_1_44' title='bbox 768 1160 1089 1243; x_wconf 68' lang='lat' dir='ltr'>quindecim</span> <span class='ocrx_word' id='word_1_45' title='bbox 1145 1159 1368 1240; x_wconf 82' lang='lat' dir='ltr'>Aquae</span> <span class='ocrx_word' id='word_1_46' title='bbox 1437 1159 1674 1220; x_wconf 90' lang='lat' dir='ltr'>dilutus</span> <span class='ocrx_word' id='word_1_47' title='bbox 1738 1165 1799 1218; x_wconf 88' lang='lat' dir='ltr'>et</span> <span class='ocrx_word' id='word_1_48' title='bbox 1852 1155 2057 1217; x_wconf 83' lang='lat' dir='ltr'>Aoido</span> <span class='ocrx_word' id='word_1_49' title='bbox 2128 1158 2363 1216; x_wconf 81' lang='lat' dir='ltr'>aeetieo</span> 
     </span>
     <span class='ocr_line' id='line_1_10' title="bbox 344 1263 2361 1345; baseline 0 -23"><span class='ocrx_word' id='word_1_50' title='bbox 344 1263 410 1322; x_wconf 91' lang='lat' dir='ltr'>in</span> <span class='ocrx_word' id='word_1_51' title='bbox 481 1282 739 1324; x_wconf 75' lang='lat' dir='ltr'>excessu</span> <span class='ocrx_word' id='word_1_52' title='bbox 807 1272 1150 1336; x_wconf 84' lang='lat' dir='ltr'>saturatus,</span> <span class='ocrx_word' id='word_1_53' title='bbox 1223 1265 1276 1325; x_wconf 90' lang='lat' dir='ltr'>si</span> <span class='ocrx_word' id='word_1_54' title='bbox 1346 1271 1455 1324; x_wconf 91' lang='lat' dir='ltr'>aut</span> <span class='ocrx_word' id='word_1_55' title='bbox 1521 1263 1804 1345; x_wconf 82' lang='lat' dir='ltr'>Baryum</span> <span class='ocrx_word' id='word_1_56' title='bbox 1870 1264 2167 1323; x_wconf 84' lang='lat' dir='ltr'>nitrioum</span> <span class='ocrx_word' id='word_1_57' title='bbox 2236 1269 2361 1334; x_wconf 78' lang='lat' dir='ltr'>aut,</span> 
     </span>
     <span class='ocr_line' id='line_1_11' title="bbox 346 1362 2361 1448; baseline -0 -23"><span class='ocrx_word' id='word_1_58' title='bbox 346 1366 631 1427; x_wconf 80' lang='lat' dir='ltr'>admixto</span> <span class='ocrx_word' id='word_1_59' title='bbox 690 1367 896 1428; x_wconf 86' lang='lat' dir='ltr'>Aeido</span> <span class='ocrx_word' id='word_1_60' title='bbox 950 1370 1205 1441; x_wconf 63' lang='lat' dir='ltr'>nitrien,</span> <span class='ocrx_word' id='word_1_61' title='bbox 1263 1367 1618 1448; x_wconf 80' lang='lat' dir='ltr'>Argentum</span> <span class='ocrx_word' id='word_1_62' title='bbox 1677 1370 1973 1428; x_wconf 84' lang='lat' dir='ltr'>nitrioum</span> <span class='ocrx_word' id='word_1_63' title='bbox 2036 1362 2361 1448; x_wconf 78' lang='lat' dir='ltr'>adjeceris,</span> 
     </span>
     <span class='ocr_line' id='line_1_12' title="bbox 343 1468 2431 1552; baseline -0 -23"><span class='ocrx_word' id='word_1_64' title='bbox 343 1470 785 1532; x_wconf 85' lang='lat' dir='ltr'>tantummodo</span> <span class='ocrx_word' id='word_1_65' title='bbox 854 1473 1190 1552; x_wconf 84' lang='lat' dir='ltr'>opaleseat.</span> <span class='ocrx_word' id='word_1_66' title='bbox 1298 1471 1588 1552; x_wconf 89' lang='lat' dir='ltr'>Liquoris</span> <span class='ocrx_word' id='word_1_67' title='bbox 1639 1471 1933 1533; x_wconf 74' lang='lat' dir='ltr'>volumina</span> <span class='ocrx_word' id='word_1_68' title='bbox 1988 1471 2105 1531; x_wconf 75' lang='lat' dir='ltr'>duo</span> <span class='ocrx_word' id='word_1_69' title='bbox 2160 1468 2364 1530; x_wconf 80' lang='lat' dir='ltr'>Aoido</span> <span class='ocrx_word' id='word_1_70' title='bbox 2429 1506 2431 1508; x_wconf 95' lang='lat'>-</span> 
     </span>
     <span class='ocr_line' id='line_1_13' title="bbox 347 1572 2366 1647; baseline -0.001 -13"><span class='ocrx_word' id='word_1_71' title='bbox 347 1573 647 1635; x_wconf 83' lang='lat' dir='ltr'>sulfurieo</span> <span class='ocrx_word' id='word_1_72' title='bbox 696 1574 897 1635; x_wconf 90' lang='lat' dir='ltr'>diluto</span> <span class='ocrx_word' id='word_1_73' title='bbox 942 1576 1381 1647; x_wconf 85' lang='lat' dir='ltr'>neutralisata‚</span> <span class='ocrx_word' id='word_1_74' title='bbox 1432 1577 1485 1636; x_wconf 92' lang='lat' dir='ltr'>si</span> <span class='ocrx_word' id='word_1_75' title='bbox 1533 1597 1675 1636; x_wconf 82' lang='lat' dir='ltr'>oum</span> <span class='ocrx_word' id='word_1_76' title='bbox 1716 1575 2000 1637; x_wconf 71' lang='lat' dir='ltr'>volumine</span> <span class='ocrx_word' id='word_1_77' title='bbox 2030 1595 2146 1635; x_wconf 73' lang='lat' dir='ltr'>uno</span> <span class='ocrx_word' id='word_1_78' title='bbox 2177 1572 2366 1633; x_wconf 84' lang='lat' dir='ltr'>Aeidi</span> 
     </span>
     <span class='ocr_line' id='line_1_14' title="bbox 349 1675 2368 1740; baseline 0 -4"><span class='ocrx_word' id='word_1_79' title='bbox 349 1676 630 1737; x_wconf 84' lang='lat' dir='ltr'>sulfuriei</span> <span class='ocrx_word' id='word_1_80' title='bbox 686 1681 1069 1739; x_wconf 84' lang='lat' dir='ltr'>oonoentrati</span> <span class='ocrx_word' id='word_1_81' title='bbox 1124 1681 1592 1740; x_wconf 73' lang='lat' dir='ltr'>commiscueris</span> <span class='ocrx_word' id='word_1_82' title='bbox 1658 1689 1718 1740; x_wconf 88' lang='lat' dir='ltr'>et</span> <span class='ocrx_word' id='word_1_83' title='bbox 1781 1700 1924 1740; x_wconf 83' lang='lat' dir='ltr'>eum</span> <span class='ocrx_word' id='word_1_84' title='bbox 1987 1675 2368 1739; x_wconf 70' lang='lat' dir='ltr'>voluminibus</span> 
     </span>
     <span class='ocr_line' id='line_1_15' title="bbox 349 1780 2364 1864; baseline 0 -25"><span class='ocrx_word' id='word_1_85' title='bbox 349 1780 576 1842; x_wconf 77' lang='lat' dir='ltr'>duobus</span> <span class='ocrx_word' id='word_1_86' title='bbox 622 1780 964 1842; x_wconf 87' lang='lat' dir='ltr'>Solutionis</span> <span class='ocrx_word' id='word_1_87' title='bbox 1010 1783 1184 1854; x_wconf 87' lang='lat' dir='ltr'>Ferri</span> <span class='ocrx_word' id='word_1_88' title='bbox 1220 1782 1509 1843; x_wconf 83' lang='lat' dir='ltr'>sulfuriei</span> <span class='ocrx_word' id='word_1_89' title='bbox 1555 1802 1670 1864; x_wconf 87' lang='lat' dir='ltr'>per</span> <span class='ocrx_word' id='word_1_90' title='bbox 1717 1791 1914 1843; x_wconf 83' lang='lat' dir='ltr'>strata</span> <span class='ocrx_word' id='word_1_91' title='bbox 1963 1781 2364 1863; x_wconf 82' lang='lat' dir='ltr'>disposueris,</span> 
     </span>
     <span class='ocr_line' id='line_1_16' title="bbox 349 1885 2079 1968; baseline 0.002 -25"><span class='ocrx_word' id='word_1_92' title='bbox 349 1903 573 1943; x_wconf 88' lang='lat' dir='ltr'>zonam</span> <span class='ocrx_word' id='word_1_93' title='bbox 619 1885 1060 1945; x_wconf 81' lang='lat' dir='ltr'>intermediam</span> <span class='ocrx_word' id='word_1_94' title='bbox 1109 1887 1335 1948; x_wconf 82' lang='lat' dir='ltr'>eoloris</span> <span class='ocrx_word' id='word_1_95' title='bbox 1382 1885 1542 1948; x_wconf 76' lang='lat' dir='ltr'>fusci</span> <span class='ocrx_word' id='word_1_96' title='bbox 1586 1907 1666 1947; x_wconf 91' lang='lat' dir='ltr'>ne</span> <span class='ocrx_word' id='word_1_97' title='bbox 1711 1887 2079 1968; x_wconf 87' lang='lat' dir='ltr'>praebeant.</span> 
     </span>
    </p>

    <p class='ocr_par' dir='ltr' id='par_1_5' title="bbox 438 1989 984 2049">
     <span class='ocr_line' id='line_1_17' title="bbox 438 1989 984 2049; baseline 0.005 -3"><span class='ocrx_word' id='word_1_98' title='bbox 438 1989 637 2048; x_wconf 84' lang='lat' dir='ltr'>Caute</span> <span class='ocrx_word' id='word_1_99' title='bbox 683 1997 984 2049; x_wconf 80' lang='lat' dir='ltr'>servetur.</span> 
     </span>
    </p>
   </div>
   <div class='ocr_carea' id='block_1_3' title="bbox 814 2151 1910 2263">
    <p class='ocr_par' dir='ltr' id='par_1_6' title="bbox 814 2151 1910 2263">
     <span class='ocr_line' id='line_1_18' title="bbox 814 2151 1910 2263; baseline 0.003 -26"><span class='ocrx_word' id='word_1_100' title='bbox 814 2151 1170 2263; x_wconf 83' lang='lat' dir='ltr'>Liquol·</span> <span class='ocrx_word' id='word_1_101' title='bbox 1229 2153 1481 2239; x_wconf 85' lang='lat' dir='ltr'>Kalii</span> <span class='ocrx_word' id='word_1_102' title='bbox 1541 2153 1910 2240; x_wconf 81' lang='lat' dir='ltr'>aoefioi.</span> 
     </span>
    </p>
   </div>
   <div class='ocr_carea' id='block_1_4' title="bbox 523 2299 2368 2594">
    <p class='ocr_par' dir='ltr' id='par_1_7' title="bbox 523 2299 2368 2594">
     <span class='ocr_line' id='line_1_19' title="bbox 523 2299 2346 2382; baseline 0.002 -23"><span class='ocrx_word' id='word_1_103' title='bbox 523 2299 701 2359; x_wconf 80' lang='lat' dir='ltr'>Acidi</span> <span class='ocrx_word' id='word_1_104' title='bbox 748 2301 967 2361; x_wconf 82' lang='lat' dir='ltr'>aeetici</span> <span class='ocrx_word' id='word_1_105' title='bbox 1014 2302 1196 2362; x_wconf 81' lang='lat' dir='ltr'>diluti</span> <span class='ocrx_word' id='word_1_106' title='bbox 1236 2303 1513 2382; x_wconf 71' lang='lat' dir='ltr'>partibus</span> <span class='ocrx_word' id='word_1_107' title='bbox 1551 2309 1775 2365; x_wconf 74' lang='lat' dir='ltr'>centum</span> <span class='ocrx_word' id='word_1_108' title='bbox 1793 2350 2157 2363; x_wconf 88' lang='grc'><strong>.........</strong></span> <span class='ocrx_word' id='word_1_109' title='bbox 2222 2304 2346 2363; x_wconf 85' lang='grc'>100</span> 
     </span>
     <span class='ocr_line' id='line_1_20' title="bbox 699 2405 1252 2484; baseline 0.004 -21"><span class='ocrx_word' id='word_1_110' title='bbox 699 2405 1035 2484; x_wconf 85' lang='lat' dir='ltr'>paullatim</span> <span class='ocrx_word' id='word_1_111' title='bbox 1085 2406 1252 2467; x_wconf 90' lang='lat' dir='ltr'>adde</span> 
     </span>
     <span class='ocr_line' id='line_1_21' title="bbox 525 2507 2368 2594; baseline 0.002 -28"><span class='ocrx_word' id='word_1_112' title='bbox 525 2507 691 2566; x_wconf 86' lang='lat' dir='ltr'>Kalii</span> <span class='ocrx_word' id='word_1_113' title='bbox 738 2508 1118 2568; x_wconf 73' lang='lat' dir='ltr'>hicat-bonici</span> <span class='ocrx_word' id='word_1_114' title='bbox 1160 2515 1369 2589; x_wconf 74' lang='lat' dir='ltr'>partes</span> <span class='ocrx_word' id='word_1_115' title='bbox 1408 2512 1805 2594; x_wconf 71' lang='lat' dir='ltr'>quadrayz&#39;nta</span> <span class='ocrx_word' id='word_1_116' title='bbox 1848 2516 1974 2572; x_wconf 80' lang='lat' dir='ltr'>octo</span> <span class='ocrx_word' id='word_1_117' title='bbox 2015 2559 2025 2570; x_wconf 93' lang='lat'>.</span> <span class='ocrx_word' id='word_1_118' title='bbox 2060 2559 2070 2570; x_wconf 91' lang='lat'>.</span> <span class='ocrx_word' id='word_1_119' title='bbox 2103 2559 2115 2570; x_wconf 91' lang='lat'>.</span> <span class='ocrx_word' id='word_1_120' title='bbox 2148 2559 2158 2569; x_wconf 92' lang='lat'><strong>.</strong></span> <span class='ocrx_word' id='word_1_121' title='bbox 2266 2510 2368 2570; x_wconf 83' lang='grc'>48.</span> 
     </span>
    </p>
   </div>
   <div class='ocr_carea' id='block_1_5' title="bbox 351 2611 2369 3522">
    <p class='ocr_par' dir='ltr' id='par_1_8' title="bbox 351 2611 2369 3522">
     <span class='ocr_line' id='line_1_22' title="bbox 702 2611 2172 2692; baseline 0.002 -21"><span class='ocrx_word' id='word_1_122' title='bbox 702 2611 899 2687; x_wconf 76' lang='lat' dir='ltr'>Quem</span> <span class='ocrx_word' id='word_1_123' title='bbox 947 2613 1285 2692; x_wconf 83' lang='lat' dir='ltr'>liquorem,</span> <span class='ocrx_word' id='word_1_124' title='bbox 1351 2613 1435 2674; x_wconf 92' lang='lat' dir='ltr'>ad</span> <span class='ocrx_word' id='word_1_125' title='bbox 1485 2614 1919 2675; x_wconf 85' lang='lat' dir='ltr'>ebullitionem</span> <span class='ocrx_word' id='word_1_126' title='bbox 1976 2613 2172 2674; x_wconf 86' lang='lat' dir='ltr'>ferve-</span> 
     </span>
     <span class='ocr_line' id='line_1_23' title="bbox 701 2714 2171 2779; baseline 0.002 -5"><span class='ocrx_word' id='word_1_127' title='bbox 701 2714 938 2775; x_wconf 77' lang='lat' dir='ltr'>factum</span> <span class='ocrx_word' id='word_1_128' title='bbox 1011 2726 1071 2777; x_wconf 86' lang='lat' dir='ltr'>et</span> <span class='ocrx_word' id='word_1_129' title='bbox 1138 2718 1324 2778; x_wconf 88' lang='lat' dir='ltr'>Kalio</span> <span class='ocrx_word' id='word_1_130' title='bbox 1396 2718 1800 2779; x_wconf 80' lang='lat' dir='ltr'>biearbonioo</span> <span class='ocrx_word' id='word_1_131' title='bbox 1875 2719 2171 2779; x_wconf 84' lang='lat' dir='ltr'>neutrali-</span> 
     </span>
     <span class='ocr_line' id='line_1_24' title="bbox 700 2820 1647 2893; baseline 0.004 -14"><span class='ocrx_word' id='word_1_132' title='bbox 700 2828 935 2887; x_wconf 71' lang='lat' dir='ltr'>satum,</span> <span class='ocrx_word' id='word_1_133' title='bbox 989 2820 1149 2880; x_wconf 88' lang='lat' dir='ltr'>adeo</span> <span class='ocrx_word' id='word_1_134' title='bbox 1199 2821 1399 2893; x_wconf 81' lang='lat' dir='ltr'>dilue,</span> <span class='ocrx_word' id='word_1_135' title='bbox 1448 2831 1520 2882; x_wconf 94' lang='lat' dir='ltr'>ut</span> <span class='ocrx_word' id='word_1_136' title='bbox 1567 2825 1647 2883; x_wconf 90' lang='lat' dir='ltr'>sit</span> 
     </span>
     <span class='ocr_line' id='line_1_25' title="bbox 526 2921 2367 3008; baseline 0.001 -27"><span class='ocrx_word' id='word_1_137' title='bbox 526 2921 792 2982; x_wconf 68' lang='lat' dir='ltr'>partium</span> <span class='ocrx_word' id='word_1_138' title='bbox 839 2929 1061 2985; x_wconf 78' lang='lat' dir='ltr'>centum</span> <span class='ocrx_word' id='word_1_139' title='bbox 1108 2926 1506 3008; x_wconf 66' lang='lat' dir='ltr'>quadr&#39;aqz‘nla</span> <span class='ocrx_word' id='word_1_140' title='bbox 1551 2933 1764 3007; x_wconf 75' lang='lat' dir='ltr'>septem</span> <span class='ocrx_word' id='word_1_141' title='bbox 1798 2976 2160 2988; x_wconf 88' lang='lat'><strong>.........</strong></span> <span class='ocrx_word' id='word_1_142' title='bbox 2227 2927 2367 2985; x_wconf 83' lang='grc'><strong>147.</strong></span> 
     </span>
     <span class='ocr_line' id='line_1_26' title="bbox 438 3025 2369 3110; baseline 0.001 -25"><span class='ocrx_word' id='word_1_143' title='bbox 438 3025 673 3105; x_wconf 87' lang='lat' dir='ltr'>Liquor</span> <span class='ocrx_word' id='word_1_144' title='bbox 703 3027 1035 3107; x_wconf 81' lang='lat' dir='ltr'>limpidus,</span> <span class='ocrx_word' id='word_1_145' title='bbox 1086 3030 1313 3090; x_wconf 82' lang='lat' dir='ltr'>eoloris</span> <span class='ocrx_word' id='word_1_146' title='bbox 1348 3050 1598 3110; x_wconf 79' lang='lat' dir='ltr'>expers,</span> <span class='ocrx_word' id='word_1_147' title='bbox 1642 3031 1900 3110; x_wconf 61' lang='lat' dir='ltr'>odorem</span> <span class='ocrx_word' id='word_1_148' title='bbox 1937 3049 2369 3109; x_wconf 71' lang='lat' dir='ltr'>empyrouma-</span> 
     </span>
     <span class='ocr_line' id='line_1_27' title="bbox 351 3130 2367 3214; baseline 0 -26"><span class='ocrx_word' id='word_1_149' title='bbox 351 3130 541 3188; x_wconf 72' lang='lat' dir='ltr'>ticum</span> <span class='ocrx_word' id='word_1_150' title='bbox 590 3151 717 3190; x_wconf 88' lang='lat' dir='ltr'>non</span> <span class='ocrx_word' id='word_1_151' title='bbox 766 3131 1100 3204; x_wconf 78' lang='lat' dir='ltr'>exhibens,</span> <span class='ocrx_word' id='word_1_152' title='bbox 1150 3133 1450 3214; x_wconf 89' lang='lat' dir='ltr'>ponderis</span> <span class='ocrx_word' id='word_1_153' title='bbox 1484 3134 1757 3214; x_wconf 81' lang='lat' dir='ltr'>specifiei</span> <span class='ocrx_word' id='word_1_154' title='bbox 1813 3136 1993 3205; x_wconf 80' lang='grc'>1.,176</span> <span class='ocrx_word' id='word_1_155' title='bbox 2033 3133 2110 3192; x_wconf 78' lang='lat' dir='ltr'>ad</span> <span class='ocrx_word' id='word_1_156' title='bbox 2156 3134 2367 3202; x_wconf 70' lang='lat'>1‚180;</span> 
     </span>
     <span class='ocr_line' id='line_1_28' title="bbox 353 3231 1893 3312; baseline 0.003 -22"><span class='ocrx_word' id='word_1_157' title='bbox 353 3231 531 3292; x_wconf 62' lang='lat' dir='ltr'>tribvs</span> <span class='ocrx_word' id='word_1_158' title='bbox 569 3233 841 3312; x_wconf 72' lang='lat' dir='ltr'>partibus</span> <span class='ocrx_word' id='word_1_159' title='bbox 889 3237 1168 3295; x_wconf 80' lang='lat' dir='ltr'>eontinet</span> <span class='ocrx_word' id='word_1_160' title='bbox 1212 3257 1393 3298; x_wconf 74' lang='lat' dir='ltr'>unam</span> <span class='ocrx_word' id='word_1_161' title='bbox 1438 3237 1610 3297; x_wconf 87' lang='lat' dir='ltr'>Kalii</span> <span class='ocrx_word' id='word_1_162' title='bbox 1657 3239 1893 3297; x_wconf 82' lang='lat' dir='ltr'>aeetiei.</span> 
     </span>
     <span class='ocr_line' id='line_1_29' title="bbox 440 3336 2369 3420; baseline -0.001 -25"><span class='ocrx_word' id='word_1_163' title='bbox 440 3336 714 3398; x_wconf 74' lang='lat' dir='ltr'>Partibus</span> <span class='ocrx_word' id='word_1_164' title='bbox 779 3337 1119 3420; x_wconf 72' lang='lat' dir='ltr'>aequalibus</span> <span class='ocrx_word' id='word_1_165' title='bbox 1173 3339 1398 3420; x_wconf 86' lang='lat' dir='ltr'>Aquae</span> <span class='ocrx_word' id='word_1_166' title='bbox 1454 3339 1690 3399; x_wconf 87' lang='lat' dir='ltr'>dilutus</span> <span class='ocrx_word' id='word_1_167' title='bbox 1753 3360 1833 3398; x_wconf 86' lang='lat' dir='ltr'>ne</span> <span class='ocrx_word' id='word_1_168' title='bbox 1896 3339 2079 3418; x_wconf 84' lang='lat' dir='ltr'>Aqua</span> <span class='ocrx_word' id='word_1_169' title='bbox 2135 3337 2369 3415; x_wconf 61' lang='lat' dir='ltr'>hydro-</span> 
     </span>
     <span class='ocr_line' id='line_1_30' title="bbox 353 3438 2368 3522; baseline 0 -24"><span class='ocrx_word' id='word_1_170' title='bbox 353 3438 688 3512; x_wconf 82' lang='lat' dir='ltr'>sulsurata,</span> <span class='ocrx_word' id='word_1_171' title='bbox 737 3461 898 3502; x_wconf 88' lang='lat' dir='ltr'>neve</span> <span class='ocrx_word' id='word_1_172' title='bbox 930 3442 1200 3522; x_wconf 90' lang='lat' dir='ltr'>Liquore</span> <span class='ocrx_word' id='word_1_173' title='bbox 1232 3442 1554 3503; x_wconf 88' lang='lat' dir='ltr'>Ammonii</span> <span class='ocrx_word' id='word_1_174' title='bbox 1601 3442 1922 3513; x_wconf 76' lang='lat' dir='ltr'>suffurati,</span> <span class='ocrx_word' id='word_1_175' title='bbox 1971 3461 2129 3501; x_wconf 85' lang='lat' dir='ltr'>nevo</span> <span class='ocrx_word' id='word_1_176' title='bbox 2161 3441 2368 3520; x_wconf 66' lang='lat' dir='ltr'>Baryo</span> 
     </span>
    </p>
   </div>
  </div>
 </body>
</html>
