2808 3996
1383 261 1528 332 307

449 429 725 511 Spiritus
770 431 957 494 facile
1002 435 1335 496 solvuntur
1368 438 1447 497 ad
1483 440 1759 518 liquores
1790 445 2124 505 reaetionis
2158 446 2460 519 aridulae,

449 534 586 612 qui,
652 533 845 596 Ferro
899 538 1402 617 sesquiehlorato
1457 541 1706 614 addito,
1773 545 2046 605 colorem
2108 549 2461 607 violaceum

450 633 709 696 ducunt.

535 736 781 799 Solutio
835 759 1078 820 aquosa
1134 744 1422 821 (1:10)
1479 746 1683 806 Aeido
1740 747 2041 808 sulfurieo
2100 749 2300 810 diluto
2354 762 2463 812 aut

445 839 786 901 Ammonio
841 844 1093 904 oxalieo
1149 864 1581 926 nequaquam,
1639 849 1850 929 Baryo
1904 851 2129 911 nitrieo
2176 853 2461 931 paullum

448 942 786 1004 dumtaxat
845 945 1157 1006 turbetur.
1271 947 1539 1021 Eadem,
1614 950 1887 1030 Liquore
1947 951 2268 1012 Ammonii
2338 955 2460 1014 sul-

445 1042 636 1104 furati
694 1047 762 1104 in
833 1066 1095 1114 excessu
1153 1058 1529 1130 temperata,
1600 1052 2020 1113 sedimentum
2075 1054 2293 1114 album
2358 1055 2460 1114 de-

445 1147 655 1207 mittat
673 1196 687 1219 ,
751 1147 988 1210 filtrata
1046 1151 1358 1230 liquorem
1415 1152 1668 1226 efficiat,
1734 1156 1844 1234 qui
1895 1155 2217 1215 residuum
2272 1156 2460 1216 vehe-

444 1251 642 1310 menti
690 1251 901 1312 ealore
945 1253 1206 1313 volatile
1250 1255 1587 1335 relinquat.

530 1352 739 1413 Partes
799 1359 1024 1415 centum
1092 1355 1500 1417 candefaetae
1546 1364 1757 1438 partes
1816 1378 2016 1440 prope
2077 1359 2228 1438 14,6
2289 1360 2461 1421 Zinei

443 1454 711 1534 oxydati
763 1457 1150 1536 relinquunt.

531 1558 731 1618 Caute
777 1567 1081 1619 servetur.

940 1809 1335 1895 Zinoum
1396 1810 1969 1896 sulfiirioum.

529 1970 848 2051 Crystalla
894 1972 1123 2032 eoloris
1166 1973 1471 2052 expertia,
1522 1975 1665 2032 aere
1696 1974 1861 2033 sieeo
1894 1972 2060 2031 lente
2086 1971 2454 2043 fatiscentia,

440 2074 509 2132 in
538 2073 765 2153 Aquae
789 2073 1064 2153 partibus
1094 2073 1204 2151 O,6
1235 2075 1561 2146 solubilia,
1610 2076 1677 2133 in
1709 2074 1946 2154 Spiritu
1979 2094 2106 2133 non
2138 2074 2452 2132 solubilia.

440 2175 685 2235 Solutio
741 2195 984 2255 aquosa
1036 2178 1372 2236 reaotionis
1439 2175 1689 2247 acidae,
1754 2178 1998 2254 saporis
2053 2178 2240 2245 aeris,
2305 2195 2454 2233 nau-
2502 2166 2505 2168 ⁵

439 2280 604 2338 seosi
650 2277 872 2338 addito
918 2278 1128 2358 Baryo
1175 2280 1402 2338 nitrieo
1449 2277 1867 2338 sedimentum
1913 2277 2185 2336 demittit
2217 2276 2450 2346 albuin,

439 2383 507 2439 in
529 2379 735 2440 Aeido
767 2379 1265 2460 hydroehlorieo
1298 2380 1660 2450 insolubile;
1704 2379 1972 2458 Liquore
1997 2380 2169 2438 Natri
2199 2379 2453 2437 caustiei

438 2485 646 2563 primo
701 2484 1185 2563 praecipitatur,
1252 2482 1475 2542 eodem
1527 2501 1679 2541 vero
1737 2482 1802 2539 in
1859 2501 2112 2539 excessu
2171 2479 2451 2538 admixto

439 2587 751 2665 liquorem
797 2584 1154 2664 limpidum,
1206 2585 1432 2644 eoloris
1481 2592 1801 2664 expertem
1836 2582 2043 2652 efficit,
2092 2583 2197 2659 qui
2236 2580 2451 2639 addito

439 2687 856 2768 Hydrogenio
913 2686 1223 2747 sulfurato
1287 2688 1514 2747 iterum
1577 2685 1990 2747 sedimentum
2051 2684 2273 2742 eoloris
2322 2682 2448 2740 albi

441 2790 734 2851 demittit.

527 2893 772 2954 Solutio
820 2912 1059 2972 aquosa
1106 2893 1378 2968 (1:20)
1417 2892 1698 2970 Argento
1748 2890 1971 2948 uitrico
2022 2909 2095 2945 m·
2144 2886 2445 2945 turbetur.

440 2995 708 3067 Eadem,
781 3014 924 3055 cum
979 2995 1168 3073 Aqua
1224 2994 1514 3054 chlorata
1569 3003 1629 3052 et
1698 2990 1899 3051 Aeido
1962 2988 2447 3066 liydrovlnlorivo

440 3097 800 3167 fervefacta,
834 3097 1022 3156 Kalio
1055 3095 1520 3175 sulfo-eyanato
1553 3114 1631 3152 ne
1665 3093 1981 3150 rubiuvtui·
2016 3110 2169 3147 neve
2199 3089 2251 3148 ll
2261 3087 2445 3166 ydro-

439 3201 625 3280 genio
674 3198 982 3259 sulfurato
1030 3206 1324 3257 mutetur.

527 3302 693 3362 Salis
750 3320 1029 3382 yramma
1091 3318 1290 3375 unum,
1357 3318 1495 3358 cum
1565 3298 1782 3374 Aquae
1847 3293 2177 3351 ‹renliuwlm's
2240 3290 2447 3347 ensal-als·

439 3405 634 3465 decem
682 3412 743 3463 et
772 3402 1060 3482 Liquoris
1092 3400 1413 3459 Ammonii
1449 3398 1701 3458 eaustiei
1737 3398 1986 3476 quinque
2019 3394 2442 3459 vommixtuin,

2015 3522 2097 3563 39·
