2808 3996
1287 245 1436 314 149

350 425 416 483 in
451 424 671 502 Aquae
703 422 974 501 frigidae
1006 421 1287 501 partibus
1318 428 1613 503 quattuor,
1663 424 1730 481 in
1762 422 1987 501 Aquae
2022 423 2380 481 ebullientis

352 527 560 584 minus
607 544 801 604 quam
835 530 1015 604 parte
1048 524 1291 585 dimidia
1335 526 1642 605 ponderis
1688 527 1814 596 sui,
1862 524 1993 584 fere
2039 546 2170 584 non
2217 527 2381 585 solu-

350 626 505 685 bilia
551 629 619 686 in
665 627 924 707 Spiritu.

439 728 683 790 Solutio
746 749 1012 809 aquosa,
1062 729 1283 799 ,Acido
1343 733 1644 791 tartarico
1705 732 1772 790 in
1829 750 2089 790 excessu
2137 730 2379 801 addito,

351 831 771 892 sedimentum
835 832 1082 903 album,
1148 833 1587 911 crystallinum
1636 833 1937 902 demittit3
2006 833 2256 902 eadem,
2324 841 2385 892 et

351 934 555 994 Acido
587 934 888 994 sulfurico
922 934 1142 994 addito
1170 943 1229 994 et
1254 935 1581 995 Solutione
1604 936 1779 995 Ferri
1810 935 2096 995 sulfurici
2129 935 2384 994 abunde

353 1036 667 1108 admixta,
719 1038 994 1096 colorem
1043 1057 1075 1095 e
1120 1037 1300 1097 fusco
1346 1039 1601 1116 nigrum
1650 1038 1842 1098 ducit.

440 1138 685 1199 Solutio
719 1159 960 1219 aquosa
992 1141 1047 1214 (l
1085 1167 1160 1192 =
1194 1141 1296 1218 20)
1330 1142 1412 1199 sit
1442 1141 1776 1211 neutralis3
1821 1140 2045 1200 eadem
2084 1161 2165 1200 ne
2199 1141 2385 1220 Aqua

351 1241 908 1321 hydrosulfurata,
965 1262 1126 1302 neve
1173 1242 1386 1323 Baryo
1442 1245 1696 1315 nitrico,
1753 1263 1914 1303 neve
1959 1243 2246 1323 Argento
2295 1247 2383 1304 ni-

350 1346 510 1403 trico
555 1353 853 1404 mutetur.

718 1682 1096 1768 Kalium
1155 1684 2014 1796 permanganicum.

438 1858 756 1919 Prismata
804 1860 1032 1920 coloris
1078 1861 1325 1921 intense
1369 1862 1672 1933 violacei,
1730 1882 1934 1942 prope
1980 1863 2179 1942 nigri,
2239 1864 2386 1923 cha-

350 1962 522 2040 lybis
556 1964 757 2022 instar
787 1964 1081 2034 nitentia,
1138 1983 1330 2044 quae,
1379 1966 1447 2024 in
1484 1965 1760 2045 partibus
1806 1966 2007 2046 viyz’ntz'
2048 1972 2104 2025 et
2146 1967 2388 2026 dimidia

350 2064 576 2144 Aquae
608 2066 844 2136 soluta,
878 2066 1194 2146 liquorem
1228 2068 1458 2128 coloris
1493 2088 1524 2126 e
1551 2069 1842 2128 caeruleo
1874 2069 2053 2127 rubri
2088 2068 2383 2128 efficiunt.

239 2179 242 2181 ’
352 2167 597 2228 Solutio
646 2188 888 2248 aquosa
936 2170 990 2245 (l
1029 2196 1103 2222 =
1139 2170 1329 2241 1000)
1377 2171 1627 2229 nullam
1666 2172 1798 2230 vim
1848 2171 2047 2230 habet
2091 2173 2159 2230 in
2206 2172 2386 2231 char-

351 2279 484 2330 tam
533 2271 1032 2351 exploratoriam
1081 2280 1142 2332 et
1188 2272 1427 2333 salibus
1484 2272 1663 2333 Ferri
1718 2274 2115 2353 oxydulatis,
2180 2273 2386 2333 Acido

352 2372 695 2446 sulfuroso,
759 2374 966 2434 Acido
1030 2375 1307 2447 oxalico,
1374 2374 1618 2456 Spiritu
1678 2396 1797 2436 nec
1856 2397 1988 2436 non
2045 2377 2184 2436 aliis
2242 2377 2385 2436 sub-

353 2478 603 2537 stantiis
658 2477 1109 2538 reducentibus
1169 2478 1589 2539 decoloratur.
1693 2480 1930 2538 Multae
1993 2479 2387 2539 substantiae

353 2578 537 2639 facile
586 2580 986 2652 cremabiles,
1038 2601 1182 2641 cum
1228 2581 1360 2641 sale
1395 2582 1563 2642 sicco
1597 2583 1934 2654 contritae,
1983 2581 2387 2642 fulminando

300 2736 306 2739 .
355 2683 690 2743 dissiliunt.

442 2785 606 2845 Salis
632 2806 916 2867 yramma
946 2787 1268 2864 dimidium,
1304 2808 1449 2848 cum
1474 2788 1751 2868 Spiritus
1777 2791 2129 2870 yrammate's
2160 2789 2388 2849 duobus

355 2896 416 2947 et
461 2888 685 2967 Aquae
739 2890 939 2970 viyinti
994 2892 1249 2972 quinque
1310 2890 1395 2951 ad
1459 2890 1892 2951 ebullitionem
1950 2891 2384 2963 fervefactum,

354 2992 406 3050 si
452 2990 818 3063 filtraveris,
872 2971 1188 3072 liquorem
1237 2994 1464 3054 coloris
1512 3002 1836 3074 expertem
1882 2994 2206 3075 praebeat,
2257 2996 2384 3073 qui,

354 3093 566 3172 Baryo
613 3095 842 3154 nitrico
892 3103 1002 3154 aut
1047 3095 1332 3175 Argento
1380 3099 1608 3157 nitrico
1646 3105 2063 3176 temperatus,
2112 3103 2385 3156 tantum-

356 3195 548 3255 modo
582 3198 908 3276 opalescat
954 3217 1186 3277 neque,
1236 3199 1443 3259 Acido
1491 3198 1794 3259 sulfurico
1845 3199 2044 3259 diluto
2093 3206 2154 3258 et
2194 3200 2386 3259 Zinco

356 3299 673 3377 metallico
708 3299 974 3371 additis,
1024 3302 1077 3360 si
1112 3301 1451 3380 Liquorem
1494 3301 1709 3378 Amyli
1743 3302 2227 3361 volumem-icum
2277 3301 2385 3361 ad-

348 3400 605 3483 jeceriS‚
657 3402 932 3461 colorem
983 3404 1342 3462 caeruleum
1393 3404 1601 3463 ducat.
