2808 3996
1466 239 1617 310 174

536 422 797 483 chlorioi
889 420 974 481 ad
1061 420 1494 480 ebullitionem
1580 417 1968 489 fervefactis,
2063 419 2116 477 si
2201 420 2555 479 centimetros

535 525 765 587 cubieos
816 529 1032 604 septem
1088 522 1430 583 Solutionis
1483 521 1804 581 Ammonii
1866 521 2139 580 ohlorati
2153 569 2166 591 ,
2231 522 2555 603 quindecim

535 629 785 708 Aquae,
834 633 948 688 tres
978 626 1267 706 Liquoris
1298 626 1620 685 Ammonii
1661 626 1945 695 eaustioi,
1980 629 2254 707 quattuor
2286 624 2554 684 Solutio-

533 734 635 792 nis
702 731 1026 791 Ammonii
1094 728 1326 788 oxalioi
1393 740 1647 808 quoque
1713 736 1999 808 tempore
2070 727 2555 807 conquassando

537 834 872 916 adjeceris,
922 834 1132 912 liquor
1177 852 1256 891 ne
1304 833 1518 892 statim
1564 830 1872 891 turbetur.

622 939 985 1017 Magnesiae
1038 943 1220 995 ustae
1274 954 1354 994 ne
1399 954 1683 1014 unquam
1730 936 1937 994 minus
1983 953 2178 1014 quam
2217 939 2559 1017 yrammata

536 1048 760 1103 centum
808 1041 1229 1123 quinquaqinta
1275 1040 1342 1098 in
1385 1047 1690 1120 promptu
1737 1037 2115 1098 habeantur.

907 1377 1497 1490 Magnesium
1559 1376 2193 1464 eal-bonicum.

623 1559 870 1620 Massae
918 1558 1123 1628 albae,
1171 1557 1372 1627 leves,
1422 1555 1599 1616 haud
1646 1555 1838 1616 valde
1886 1556 2321 1626 cohaerentes,
2376 1553 2561 1616 facile

537 1663 822 1724 friabiles
863 1662 968 1721 vel
1008 1661 1220 1742 pulvis
1254 1661 1458 1730 albus,
1508 1659 1719 1729 laxus3
1768 1660 1834 1718 in
1864 1659 2054 1739 Aqua
2092 1657 2221 1718 fere
2267 1679 2395 1719 non
2441 1659 2560 1719 sol-

536 1769 734 1838 vitur,
800 1766 1095 1846 quamvis
1151 1765 1533 1824 reaetionem
1588 1762 2053 1823 subaloalinam
2109 1763 2164 1822 ei
2218 1763 2557 1843 impertiat.

538 1870 612 1930 In
643 1869 848 1930 Aoido
881 1867 1182 1929 sulfurioo
1218 1867 1438 1938 dilutO,
1473 1866 1749 1927 Acidum
1783 1867 2191 1927 eal-bonicum
2235 1868 2561 1947 copiosum

539 1975 847 2045 emittens,
901 1972 984 2033 ad
1031 1972 1343 2051 liquorem
1391 1970 1684 2040 solvitur,
1734 1971 1870 2050 qui,
1920 1970 2194 2050 Liquore
2241 1970 2562 2030 Ammonii

541 2078 798 2138 eaustiei
852 2077 919 2135 in
967 2095 1226 2136 excessu
1273 2082 1617 2142 saturatus,
1676 2071 1943 2154 adjectis
1990 2074 2332 2133 Ammonio
2389 2073 2561 2134 chlo-

538 2189 677 2241 rato
741 2189 802 2240 et
860 2180 1070 2262 exiyua
1112 2183 1292 2259 parte
1354 2177 1565 2237 Natrii
1632 2177 2070 2258 phosphorioi,
2142 2176 2559 2238 sedimentum

541 2285 787 2355 album,
838 2282 1275 2363 crystallinum
1324 2281 1612 2341 demittit.

627 2388 1025 2467 Magnesium
1061 2385 1470 2446 carbonieum
1494 2386 1560 2444 in
1586 2384 1791 2445 Aeido
1825 2383 2324 2465 hydroohlorioo
2359 2383 2562 2445 diluto

540 2494 629 2552 ita
684 2491 995 2561 solvatur,
1052 2498 1124 2549 ut
1179 2488 1454 2549 colorem
1508 2507 1638 2547 non
1690 2487 1935 2559 trahat,
1995 2507 2137 2548 eum
2192 2488 2381 2568 Aqua
2427 2509 2564 2548 eoc-

541 2604 675 2655 tum
757 2602 817 2654 et
893 2592 1198 2653 filtratum
1265 2591 1577 2671 liquorem
1646 2591 1977 2671 praebeat,
2047 2593 2159 2671 qui
2228 2591 2563 2652 exhalatus

541 2698 830 2779 paullum
879 2696 1216 2756 dumtaxat
1260 2693 1499 2754 residui
1544 2693 1877 2774 relinquat.

632 2800 876 2862 Solutio
926 2819 1165 2879 aquosa
1212 2799 1386 2875 (1=
1414 2797 1535 2874 50),
1586 2817 1704 2878 ope
1736 2796 1927 2857 Aeidi
1975 2798 2194 2858 aeetioi
2219 2797 2457 2869 effecta,
2484 2817 2563 2857 ne

543 2905 731 2985 Aqua
785 2900 1334 2983 hydrosulfurata,
1397 2920 1584 2978 neve,
1650 2902 1703 2961 si
1750 2901 2158 2960 Ammonium
2206 2901 2563 2962 chloratum

546 3016 607 3067 et
675 3006 931 3067 abunde
994 3005 1332 3085 Liquorem
1396 3005 1720 3064 Ammonii
1795 3005 2055 3064 oaustiei
2128 3004 2560 3077 admiscueris,

543 3111 813 3190 Liquore
875 3109 1198 3168 Ammonii
1267 3106 1560 3167 sulfurati
1628 3115 1931 3178 mutetur3
2003 3106 2254 3180 eadem,
2326 3107 2562 3168 additis

545 3214 755 3293 Baryo
787 3213 1013 3272 nitrioo
1048 3220 1173 3283 aut,
1210 3213 1258 3271 si
1286 3210 1560 3270 Aoidum
1592 3211 1890 3270 nitrioum
1917 3209 2243 3291 adjeceris,
2279 3211 2562 3290 Argento

547 3318 800 3387 nitrioo,
849 3315 1176 3394 trigesima
1220 3321 1402 3394 parte
1442 3313 1640 3372 horae
1674 3315 2073 3385 circumacta,
2121 3315 2563 3375 tantummodo

550 3420 890 3499 opaleseat.
