2808 3996
1368 243 1465 312 59

498 418 1066 498 Chrysarobinum,
1094 418 1299 478 Acido
1326 418 1628 479 sulfurico
1652 421 2029 498 inspersum,
2057 421 2435 479 solutionem

410 521 637 580 coloris
700 542 732 581 6
789 522 1106 581 subrubro
1169 520 1318 580 flavi
1383 519 1629 580 efficiat.
1734 520 1808 579 In
1874 522 2144 600 Spiritus
2206 520 2438 580 fervidi

400 622 674 701 partibus
718 629 943 684 centum
977 624 1423 704 quinquaqinta,
1471 622 1725 682 residuo
1757 624 2017 681 minimo
2050 631 2434 693 remanente,

408 725 709 784 solvatur.
782 725 859 785 In
890 726 1133 806 patella
1167 733 1390 804 aperta
1431 724 1844 783 fervefactum
1887 725 2205 802 liquescit,
2242 744 2435 803 vapo-

407 845 507 885 res
553 826 751 888 flavos
800 829 1054 897 emittit,
1112 836 1247 887 tum
1293 826 1583 907 paullum
1633 827 2056 898 c.arbonescit,
2114 834 2436 905 postremo

408 930 543 987 sine
589 929 843 989 residuo
893 929 1201 1008 deflagret
1246 949 1500 988 necesse
1550 936 1659 988 est.

496 1030 1004 1111 Quotiescunque
1074 1031 1350 1090 Acidum
1421 1030 2008 1110 chrysophanicum
2088 1030 2173 1089 ad
2255 1050 2438 1089 usum

409 1144 739 1193 externum
778 1136 1245 1214 praescriptum
1293 1135 1436 1205 erit,
1487 1132 2036 1212 Chrysarobinum
2070 1133 2435 1211 dispensan-

411 1235 565 1295 dum
612 1244 723 1296 est.

1145 1467 1697 1555 Code'l'num.

495 1629 815 1710 Crystalla
861 1651 1051 1711 saepe
1101 1631 1398 1690 distincte
1439 1629 1830 1700 octaedrica,
1881 1629 2109 1689 coloris
2151 1630 2438 1708 expertia

406 1733 512 1792 vel
544 1733 719 1804 alba,
771 1753 934 1812 quae
976 1754 1119 1792 cum
1154 1732 1434 1813 partibus
1473 1734 1761 1814 octoyinta
1792 1732 2015 1811 Aquae
2055 1732 2437 1792 solutionem

408 1836 749 1895 alcalinam
829 1838 1076 1915 saporis
1154 1837 1355 1894 amari
1425 1835 1754 1915 praebent.
1873 1833 2222 1893 Codei‘num
2294 1853 2438 1892 cum

407 1939 595 2017 Aqua
642 1947 919 2009 coctum,
986 1946 1332 2016 antequam
1393 1938 1703 2007 solvatur,
1766 1937 2058 2015 liquescit
2113 1943 2174 1994 et
2225 1943 2437 2014 guttas

407 2040 713 2120 limpidas
762 2040 980 2110 efficit,
1031 2059 1194 2118 quae
1236 2039 1645 2118 refrigeratae
1695 2039 2061 2117 crystalline
2092 2040 2432 2117 rigescunt.

493 2143 705 2203 Facile
775 2143 1042 2202 solvitur
1109 2143 1175 2201 in
1239 2142 1505 2221 Spiritu,
1572 2140 1876 2211 Aethere,
1948 2139 2433 2209 Chloroformi0‚
2501 2178 2503 2181 f

406 2265 638 2324 parum
676 2247 746 2304 in
785 2245 1066 2304 Benzino
1110 2244 1403 2303 Petrolei.
1493 2243 1812 2321 Crystalla
1852 2243 2064 2302 calore
2103 2242 2434 2309 fatiscunt;

408 2345 1180 2425 Codeiananhydrum
1228 2347 1438 2405 calore
1491 2345 1654 2405 1550
1699 2346 2010 2423 liquescit.
2106 2344 2179 2403 In
2237 2344 2436 2402 acidis

410 2449 627 2509 dilutis
660 2449 876 2519 facile,
919 2451 989 2508 in
1014 2448 1287 2528 Liquore
1311 2449 1460 2507 Kali
1495 2449 1754 2507 caustici
1780 2467 2037 2526 parum,
2073 2449 2138 2505 in
2166 2447 2435 2525 Liquore

409 2552 733 2611 Ammonii
766 2553 1024 2611 caustici
1066 2551 1193 2610 fere
1228 2551 1451 2610 eadem
1484 2551 1898 2629 proportione
1939 2550 2207 2607 solvitur
2248 2556 2436 2625 atquc

406 2655 475 2713 in
538 2654 741 2734 Aqua.
841 2654 1188 2714 Grammata
1250 2652 1446 2729 0,005
1532 2651 1797 2712 Code‘ini
1874 2671 2016 2710 cum
2088 2651 2437 2732 qrarrzrnatc's

408 2756 602 2816 decem
679 2755 869 2816 Acidi
952 2755 1237 2815 sulfurici
1330 2756 1710 2814 solutionem
1797 2755 2025 2813 coloris
2112 2762 2431 2830 expertem

409 2858 747 2937 praebent,
805 2877 966 2936 quae.
1013 2835 1241 2916 leniter
1288 2857 1622 2923 calefacta,
1690 2855 1926 2914 additis
1978 2856 2152 2935 qums
2206 2854 2436 2912 (lmtlms

410 2959 697 3039 Liquoris
730 2959 901 3018 Ferri
935 2960 1418 3038 sesquichlorati
1455 2958 1843 3028 dilutissimi,
1881 2958 2153 3016 colorem
2192 2958 2435 3013 intense

411 3062 769 3121 caeruleum
816 3061 1034 3120 trahit.

588 3165 788 3223 Caute
835 3172 1137 3222 servetur.

765 3279 953 3339 Dosis
1003 3280 1277 3339 maxima
1324 3280 1579 3352 singula
1626 3283 1781 3351 0,‹)5.

764 3382 955 3441 Dosis
1004 3381 1278 3440 maxima
1324 3402 1438 3460 pro
1486 3381 1586 3438 die
1632 3385 1748 3454 0,2.
