2808 3996
1492 264 1528 333 1
1542 263 1641 335 82

1147 439 1618 552 Mucilago
1681 441 1994 555 Salep.

734 604 1063 661 Tuberum
1118 602 1316 682 Salep
1368 602 1851 682 pulveratorum
1893 609 2130 683 partem
2175 625 2356 665 ‘emam
2402 654 2414 665 .
2518 609 2553 668 1

910 706 1181 763 immitte
1226 705 1294 762 in
1340 705 1666 783 lagenam,
1717 723 1880 783 quae
1928 708 2211 766 continet

733 811 953 886 Aquae
995 812 1205 885 partes
1251 806 1446 866 decem
1474 855 2414 869 ......................
2479 815 2580 873 10.

910 908 1180 967 Pulvere
1206 908 1693 987 conquassando
1718 909 1884 968 bene
1918 910 2223 990 disperSO,
2261 912 2427 972 adde

735 1015 954 1090 Aquae
1004 1011 1359 1070 ebullientis
1393 1017 1603 1090 parles
1647 1014 1966 1093 nonaffl'nla
2008 1062 2017 1070 .
2051 1062 2060 1071 .
2095 1062 2104 1071 .
2140 1062 2150 1071 .
2183 1063 2192 1071 .
2228 1063 2237 1072 .
2271 1063 2280 1072 .
2315 1063 2325 1073 .
2359 1063 2370 1073 .
2403 1063 2414 1073 .
2477 1019 2581 1077 90.

646 1112 849 1187 Quam
881 1114 1250 1171 mixtionem
1290 1114 1357 1171 in
1405 1113 1625 1172 eadem
1671 1114 1903 1192 lagena
1948 1134 2148 1193 usque
2198 1115 2278 1174 ad
2326 1117 2582 1197 refrige-

555 1217 866 1274 rationem
916 1234 1286 1293 conquassa.

643 1318 741 1377 Ne
786 1326 1046 1397 paretur
1092 1318 1217 1376 nisi
1265 1316 1350 1375 ad
1399 1316 1962 1396 dispensationem.

1367 1594 1778 1709 Myrrha.

645 1755 1183 1827 Gummi-resina,
1279 1776 1472 1835 quam
1556 1757 1821 1836 praebet
1911 1758 2244 1818 Balsamea
2318 1762 2584 1838 Myrrha

558 1858 1174 1934 (Balsamodendron
1228 1858 1535 1937 Myrrha).
1657 1859 1874 1919 Grana
1934 1861 2039 1919 1761
2101 1881 2347 1921 massae
2418 1861 2581 1922 fora-

555 1963 842 2020 minosae
920 1962 1148 2019 coloris
1235 1959 1534 2031 subflavi,
1617 1961 1916 2021 subrubri
1982 1963 2090 2022 vel
2156 1961 2340 2034 fusci,
2413 1966 2582 2025 intus

556 2083 746 2142 saepe
815 2064 1055 2144 passim
1123 2063 1354 2132 albidi;
1420 2082 1624 2142 parva
1692 2062 1963 2123 frustula
2026 2073 2174 2124 sunt
2231 2066 2577 2146 diaphana.

553 2165 819 2244 Myrrha
865 2164 1080 2223 odoris
1130 2173 1223 2224 est
1270 2166 1616 2235 aromatici,
1668 2168 1914 2244 saporis
1955 2167 2146 2226 simul
2188 2170 2388 2227 amari
2421 2170 2580 2250 ejus-

557 2269 828 2347 demque
899 2269 1296 2327 continenter
1366 2269 1546 2327 30118.
1664 2268 1902 2328 Eadem
1960 2268 2202 2348 Spiritu
2250 2270 2578 2344 exhausta,

553 2389 682 2450 qua
726 2389 794 2428 re
843 2389 923 2429 ex
968 2375 1193 2430 centum
1230 2369 1508 2449 partibus
1555 2371 1802 2429 circiter
1849 2373 2083 2452 lriyz'nta
2115 2373 2469 2444 solvuntur,
2521 2381 2582 2434 et

556 2479 922 2552 evaporata,
973 2473 1027 2531 si
1071 2471 1398 2532 residuum
1443 2474 1837 2532 resinaceum
1870 2473 2145 2533 Aethere
2186 2474 2393 2534 denuo
2425 2483 2579 2535 tem—

552 2576 904 2655 peraveriS,
963 2574 1124 2633 haec
1187 2575 1447 2645 solutiO,
1506 2575 1723 2653 aliquo
1777 2594 2018 2654 vapore
2072 2575 2289 2635 Bromi
2336 2576 2577 2649 additO,

555 2677 833 2736 colorem
877 2676 1144 2737 rubrum
1192 2684 1302 2736 aut
1344 2677 1702 2736 violaceum
1752 2676 1945 2737 ducit.

1076 2938 1502 3025 Natrium
1562 2938 2059 3025 aceticum.

644 3101 965 3181 Crystalla
1047 3101 1278 3160 coloris
1350 3102 1661 3180 expertia,
1733 3101 2084 3181 pellucida,
2156 3105 2300 3161 3616
2369 3101 2579 3163 calido

555 3203 925 3263 fatiscentia.
1022 3202 1179 3262 Cum
1211 3203 1489 3282 partibus
1521 3202 1628 3279 1,4
1673 3202 1898 3282 Aquae
1946 3204 2324 3263 solutionem
2364 3204 2579 3263 alcali-

555 3325 705 3364 nam
750 3305 1085 3384 praebent,
1132 3306 1198 3363 in
1247 3304 1521 3384 Spiritus
1566 3303 1784 3383 frigidi
1815 3304 2094 3384 partibus
2137 3306 2336 3386 viyz'nti
2376 3304 2577 3382 tribus,

556 3408 623 3466 in
672 3407 1028 3466 ebullientis
1075 3405 1305 3467 duabus
1351 3406 1649 3466 solubilia
1695 3415 1858 3467 sunt.
