2808 3996
1445 256 1594 327 114

521 460 600 501 ex
646 439 896 501 duobus
941 438 1046 497 vel
1090 436 1319 507 tribus,
1389 437 1592 495 rarius
1649 442 1947 515 quattuor
1984 435 2156 518 jugis
2203 438 2523 498 sessilibus

517 543 623 604 vel
684 543 961 603 breviter
1027 540 1344 620 petiolatis
1413 537 1774 597 foliolorum
1842 540 2254 619 pinnatorum
2323 541 2523 601 solide

519 647 972 714 coriaceorum‚
1021 642 1570 721 integerrimorum
1618 649 1677 700 et
1720 660 1849 700 uno
1882 640 2034 700 folio
2065 644 2383 703 terminali
2412 646 2520 703 im-

516 750 684 831 pari,
743 747 914 828 quod
970 745 1276 806 adhaeret
1322 745 1556 825 petiolo
1613 743 1696 803 ad
1743 745 2099 805 centimetros
2152 750 2265 806 tres
2309 746 2520 826 longo,

515 852 761 913 Foliola
825 851 1093 931 pinnata
1161 855 1309 907 sunt
1368 848 1724 906 lanceolata
1786 848 1891 907 vel
1952 855 2168 920 ovata,
2238 849 2524 929 paullum

516 954 902 1037 praeobtusa
940 952 1046 1011 vel
1079 952 1498 1030 emarginata‚
1535 949 1617 1010 acl
1657 952 2010 1011 centimetros
2040 951 2283 1012 sedecim
2314 952 2521 1032 longa,

517 1058 869 1120 centimetros
914 1060 1187 1138 quattuor
1235 1053 1318 1113 ad
1364 1059 1577 1133 septem
1623 1053 1771 1112 lata.
1850 1053 2172 1113 Foliorum
2206 1054 2333 1114 tela
2366 1055 2521 1136 ejus-

515 1160 692 1221 modi
758 1166 874 1230 est,
932 1166 1004 1217 ut
1048 1158 1355 1237 plurimas
1411 1165 1470 1214 et
1519 1155 1876 1236 diaphanas
1921 1157 2185 1216 lacunas
2240 1156 2525 1218 oleiferas

518 1264 871 1344 dignoscas.
964 1260 1141 1320 Folia
1187 1260 1429 1340 saporis
1471 1267 1619 1318 sunt
1658 1258 1958 1319 subacris.

1097 1508 1370 1595 Folia
1428 1508 1953 1621 Juglandis.

602 1675 804 1753 Folia,
877 1693 1039 1754 quae
1101 1672 1283 1732 offert
1343 1671 1617 1750 Juglans
1680 1672 1876 1749 regia.
1985 1672 2263 1733 Petiolus
2324 1693 2526 1754 prope

515 1780 762 1862 pedalis
830 1797 957 1838 uno
1029 1776 1111 1836 ad
1173 1783 1499 1856 quattuor,
1563 1775 1936 1855 plerumque
1999 1775 2202 1835 tribus
2265 1777 2526 1857 paribus

515 1882 811 1943 foliorum
836 1883 1268 1962 pinnatorum‚
1297 1878 1473 1938 haud
1502 1886 1788 1937 accurate
1815 1880 1975 1937 inter
1999 1898 2064 1938 se
2092 1881 2527 1960 oppositorum

518 1995 578 2047 et
608 2005 737 2046 uno
771 1983 922 2044 folio
963 1982 1279 2043 terminali
1319 1982 1692 2062 plerumque
1739 1979 1978 2062 majore
2026 1983 2363 2042 instructus
2415 1991 2522 2043 est.

515 2089 634 2149 Illa
685 2090 902 2170 priora
958 2087 1310 2148 centimetros
1366 2104 1679 2144 summum
1728 2084 2047 2166 quindecim
2092 2085 2314 2164 longa,
2364 2086 2525 2146 centl-

515 2198 727 2254 Μείνας
773 2192 1023 2274 quinque
1065 2189 1171 2248 vel
1217 2207 1410 2268 supra
1449 2188 1580 2248 lata
1611 2201 1775 2247 sunt.
1871 2186 2099 2248 Omnia
2130 2186 2349 2248 foliola
2380 2197 2528 2248 sunt

517 2296 947 2374 integerrima,
998 2300 1205 2363 ovata,
1257 2292 1457 2362 calva,
1509 2292 1561 2350 si
1593 2291 1719 2350 luci
1758 2291 2157 2372 penetranda
2198 2289 2523 2372 objeceriS‚

517 2399 711 2459 nullis
753 2398 1006 2478 punctis
1056 2395 1371 2455 distincta.
1475 2393 1733 2474 Saporis
1782 2395 1972 2466 acris,
2021 2395 2132 2454 vix
2179 2396 2520 2455 aromatici.

606 2501 785 2560 Folia
829 2498 1168 2578 Juglandis
1214 2517 1295 2557 ne
1342 2499 1468 2556 sint
1515 2496 1842 2576 subnigra.

1158 2746 1430 2833 Folia
1490 2746 1888 2834 Malvae.
1941 2796 1943 2798 v

567 2908 570 2911 ’
605 2914 802 2983 Folia,
831 2931 992 2991 quae
1018 2910 1288 2970 offerunt
1315 2910 1530 2968 Malva
1551 2909 1840 2987 vulgaris
1868 2918 1928 2970 et
1952 2911 2168 2970 Malva
2194 2911 2521 2971 silvestris,

518 3017 753 3077 Prioris
799 3014 950 3074 folia
996 3013 1201 3073 forma
1230 3032 1430 3094 prope
1463 3013 1840 3084 orbiculata,
1891 3013 1974 3074 ad
2017 3015 2370 3075 centimetros
2400 3019 2524 3075 octo

518 3121 668 3190 lata,
720 3126 827 3178 aut
886 3119 1088 3196 magis
1140 3115 1527 3187 reniformia‚
1575 3118 1703 3176 ima
1755 3124 1937 3197 parte
1990 3118 2242 3197 penitus
2297 3118 2522 3188 excisa,

518 3223 882 3301 longissime
935 3221 1263 3300 petiolata3
1312 3239 1533 3298 margo
1579 3221 1900 3300 impariter
1954 3228 2524 3280 serrato-crenatus

518 3324 696 3384 haud
756 3326 845 3383 ita
907 3323 1197 3383 distincte
1255 3322 1525 3382 lobatuS.
1628 3322 1805 3382 Folia
1859 3323 2230 3403 plerumque
2283 3322 2525 3403 majora

523 3427 778 3486 alterius
833 3427 1061 3507 speciei
1105 3427 1234 3484 ima
1278 3432 1457 3506 parte
1503 3427 1711 3484 minus
1758 3427 2007 3505 penitus
2055 3427 2287 3496 excisa,
2344 3445 2521 3506 prae-
