2808 3996
1354 221 1449 293 27

966 398 1407 514 Amylum
1469 399 1828 487 Tritici.

467 560 776 641 Amylum
822 560 1186 633 fructuum,
1238 581 1399 641 quos
1445 561 1714 642 praebet
1761 563 2074 624 Triticum
2119 567 2409 643 vulgare.

380 659 599 724 Pulvis
632 664 839 735 albuS‚
890 663 1360 735 subtilissimuS,
1412 685 1532 746 ope
1580 667 1982 746 microscopii
2015 669 2217 728 centies
2249 670 2411 750 quin-

380 768 621 849 quaqies
674 764 1100 847 amplificatus
1157 766 1275 827 sub
1326 786 1493 846 aqua
1543 758 1999 848 contemplanti
2048 789 2081 828 e
2127 771 2412 849 granulis

378 889 583 950 paene
638 868 1009 929 orbiculatis
1066 877 1355 929 constare
1408 869 1692 941 videtur,
1765 890 2037 950 quorum
2092 873 2220 931 alia
2268 885 2414 932 sunt

379 973 671 1042 minima,
722 972 877 1043 alia,
928 980 989 1031 et
1021 991 1094 1031 ea
1126 974 1336 1031 minus
1371 970 1755 1050 frequentia,
1800 974 2118 1053 permulto
2151 975 2408 1046 latiora;

378 1075 651 1155 granula
699 1074 1166 1154 magnitudinis
1215 1073 1464 1135 mediae
1511 1076 1716 1134 rarius
1764 1076 2194 1136 inveniuntur.
2275 1077 2412 1158 Spi-

377 1179 506 1238 ritu
526 1164 530 1166 ’
553 1177 871 1249 admixtO,
918 1165 1199 1257 ‘granula
1247 1175 1493 1258 majora
1541 1185 1809 1258 apparet
1853 1178 2257 1239 lenticularia
2305 1188 2415 1240 aut

376 1265 892 1362 plano-convexa
940 1300 1090 1340 esse.
1174 1279 1394 1360 Amyli
1443 1280 1666 1340 Solani
1715 1282 1987 1358 granula
2034 1283 2236 1342 multo
2283 1303 2412 1343 ma-

369 1371 543 1466 jora*
585 1368 924 1463 minusque
976 1383 1325 1462 regularia,
1398 1384 1452 1443 si
1511 1402 1674 1462 quae
1733 1383 2022 1443 admixta
2069 1386 2219 1458 sint,
2292 1404 2412 1466 ope

379 1488 783 1568 microscopii
837 1484 1026 1545 facile
1083 1493 1576 1565 cognoscuntur.
1693 1487 1929 1565 Amylo
1978 1486 2201 1546 Tritici
2249 1507 2412 1548 com-

376 1574 594 1662 busto,
645 1577 743 1661 id,
794 1588 970 1669 quod
1010 1588 1417 1668 relinquitur,
1470 1590 1700 1648 cineris
1749 1608 1827 1648 ex
1881 1595 2106 1650 centuni
2139 1590 2416 1670 partibus

376 1680 560 1754 unam
605 1712 688 1752 ne
744 1692 1030 1751 excedat.
1128 1691 1438 1771 Amylum
1485 1691 1702 1751 Tritici
1751 1711 1895 1750 cum
1928 1691 2207 1771 partibus
2253 1694 2413 1775 quin-

376 1796 659 1878 quaqinta
689 1795 914 1875 Aquae
957 1801 1206 1854 coctum
1252 1794 1708 1873 mucilaginem
1759 1792 1949 1853 efficit
1994 1792 2230 1874 frigore
2276 1815 2413 1876 per-

375 1898 693 1981 liquidam
740 1897 1223 1976 turbidamque,
1274 1916 1479 1976 neque
1537 1896 1751 1956 odoris
1810 1915 1928 1956 nec
1974 1899 2220 1977 saporis
2276 1917 2412 1979 spe-

382 2002 581 2073 cialiS‚
636 2000 928 2060 chartam
978 2000 1478 2081 exploratoriam
1510 2019 1641 2059 non
1688 2006 2059 2059 mutantem.

857 2190 1411 2276 Antidotum
1471 2188 1941 2274 Arseuici.

556 2353 853 2434 Liquoris
897 2352 1079 2413 Ferri
1127 2351 1413 2412 sulsurici
1461 2352 1723 2430 oxydati
1764 2357 1967 2431 partes
2014 2358 2237 2413 eentum
2289 2356 2412 2413 100

552 2462 774 2537 Aquae
824 2455 1103 2536 partibus
1159 2455 1415 2516 ducentis
1461 2455 1883 2536 quinquaqinta
1902 2502 2221 2514 ........
2285 2458 2412 2515 250

730 2562 941 2619 misce.
1037 2557 1152 2618 Cui
1199 2558 1433 2636 liquori
1483 2557 1677 2628 adde,
1746 2557 2236 2636 conquassaudo

733 2671 795 2722 et
829 2660 1309 2721 calefactionem
1358 2679 1550 2739 quam
1599 2660 1877 2718 maxime
1913 2660 2232 2732 evitandO,

733 2767 1082 2824 mixturam
1131 2782 1164 2822 e

556 2867 928 2947 Magnesiae
977 2871 1159 2925 ustae
1194 2864 1472 2944 partibus
1511 2864 1835 2946 quindecim
1855 2912 2217 2924 .........
2332 2868 2409 2924 15

735 2979 795 3029 et
1125 2948 1136 2955 ’

555 3078 774 3153 Aquae
803 3072 1082 3151 partibus
1121 3071 1376 3131 ducentis
1416 3069 1837 3151 quinquaqinta
1856 3117 2217 3128 .........
2282 3069 2409 3128 250

734 3176 1171 3254 compositam.
1897 3157 1905 3165 ⁶

467 3279 748 3342 Mixtura
796 3276 999 3345 fusca,
1052 3295 1243 3354 quam
1279 3283 1423 3334 ante
1456 3294 1636 3332 usum
1675 3293 2098 3353 conquassare
2133 3281 2407 3352 oportet;

379 3383 876 3460 quotiescunque
935 3379 1322 3457 praescripta
1392 3378 1531 3445 (erit,
1600 3386 1879 3434 recenter
1941 3374 2229 3454 paranda
2298 3383 2404 3432 ost.

2003 3505 2053 3545 4‘
