2808 3996
1395 281 1542 350 122

457 464 618 531 lata,
670 462 932 520 exhibet
978 463 1043 520 in
1084 461 1389 541 junctura
1449 459 1618 516 clare
1667 455 1906 515 flavida
1947 456 2133 514 binos
2182 454 2487 513 obscuros

459 565 715 623 canales
795 561 1116 632 oleiferOS,
1199 561 1372 620 binis
1442 560 1656 618 nervis
1724 557 2189 636 marginalibus
2259 555 2487 633 ligneis

459 668 723 736 cinctos,
774 667 839 724 in
887 672 1067 742 tergo
1124 670 1338 722 autem
1383 664 1633 721 intense
1679 659 1879 729 fusco,
1939 676 2227 718 convexo
2275 666 2502 715 ternos

457 787 689 827 nervos
738 767 1077 826 debiliores
1126 772 1187 824 et
1238 767 1306 823 in
1363 770 1665 842 quattuor
1719 759 2245 842 interjacentibus
2291 759 2486 817 valle-

460 870 617 928 culis
684 870 970 947 angustis
1036 867 1324 945 singulos
1395 865 1652 924 canales
1715 862 2008 923 oleiferos
2070 861 2483 921 obscuriores.

460 970 720 1050 Saporis
767 971 996 1028 acriter
1043 969 1387 1027 aromatici.

693 1304 1105 1390 Fructus
1165 1302 1580 1388 Rhamni
1642 1299 2249 1386 catharticae.

545 1481 837 1550 Fructus,
908 1499 1070 1559 quos
1134 1479 1318 1539 offert
1341 1498 1347 1502 ·
1373 1480 1701 1537 Rhamnus
1770 1476 2145 1551 cathartica,
2219 1475 2489 1554 globosi,

459 1583 775 1643 centimetm'
819 1584 1064 1642 circiter
1104 1582 1292 1657 umus,
1343 1581 1568 1640 subtus
1618 1579 1795 1639 disco
1853 1579 2087 1657 calycis
2143 1577 2494 1638 me'lle'metros

460 1704 777 1744 summum
824 1690 939 1745 tres
984 1685 1136 1754 latO,
1188 1682 1582 1742 octoradiato
1627 1681 1786 1740 fulti.
1869 1680 2355 1760 Sarcocarpiuln
2401 1680 2493 1738 ni-

458 1787 590 1846 tide
622 1789 876 1866 nigrum
910 1795 1211 1866 quattuor
1243 1786 1674 1845 loculamenta
1715 1785 1995 1862 lignosa,
2045 1801 2495 1862 monosperma

462 1891 763 1949 continet.
868 1889 1134 1948 Fructus
1196 1895 1477 1947 recentes
1537 1887 1695 1946 dant
1760 1905 2019 1945 succum
2076 1905 2154 1944 ex
2208 1885 2493 1943 violaceo

459 1992 731 2051 viridem
785 1992 1125 2050 reactionis
1183 1990 1431 2059 acidae,
1492 1990 1738 2069 saporis
1795 1987 2154 2057 subdulciS,
2212 1982 2346 2046 tum
2402 1988 2493 2045 in-

461 2097 739 2154 suaviter
798 2095 1024 2164 amari,
1086 2094 1220 2172 qui,
1281 2092 1569 2152 admixto
1624 2092 1871 2170 liquore
1927 2091 2143 2170 aliquo
2198 2090 2492 2157 alcalinO,

462 2198 739 2255 colorem
772 2215 805 2255 e
852 2195 1163 2255 subviridi
1194 2194 1462 2265 flavum,
1513 2193 1696 2253 acido
1730 2194 1967 2273 aliqu0,
2001 2193 2268 2252 rubrum
2300 2191 2491 2251 ducit.

1019 2532 1431 2617 Fructus
1493 2529 1951 2616 Vanillae.

549 2709 843 2780 FructUS,
887 2728 1046 2787 quos
1080 2708 1264 2767 offert
1294 2707 1548 2766 Vanilla
1578 2707 1934 2786 planifolia,
1974 2727 2106 2765 non
2141 2707 2492 2765 ematurati.

464 2811 745 2890 Siliquae
807 2813 873 2869 in
936 2810 1408 2890 longitudinem
1472 2811 1598 2869 alte
1654 2810 1964 2879 sulcatae,
2028 2828 2160 2867 non
2218 2815 2494 2888 apertae,

464 2914 802 2973 decimetros
835 2914 952 2973 duo
987 2912 1070 2972 ad
1097 2919 1211 2973 tres
1240 2913 1495 2991 longae,
1539 2913 1931 2972 centimetrum
1966 2931 2284 2970 summum
2316 2929 2498 2970 mmm

466 3035 733 3087 crassae,
784 3014 1082 3074 inferiore
1113 3023 1296 3095 parte
1326 3017 1394 3074 in
1434 3015 1742 3094 petiolum
1774 3013 2081 3073 reflexum
2114 3019 2492 3072 attenuatae.

466 3116 842 3198 Superficies
873 3118 1105 3189 nitida,
1157 3137 1190 3176 e
1235 3119 1421 3196 nigro
1469 3116 1650 3176 fusca
1682 3117 2071 3195 crystallulis
2113 3116 2276 3174 albis
2309 3135 2499 3194 saepe

466 3239 740 3299 aspersa.
842 3219 918 3278 In
980 3220 1183 3299 pulpa
1246 3218 1438 3278 valde
1503 3218 1796 3289 odorata,
1861 3221 2072 3297 nigra,
2135 3220 2499 3297 unguinosa

466 3323 710 3380 semina
770 3321 1288 3391 innumerabilia,
1349 3340 1669 3380 summum
1722 3326 2003 3402 quartam
2046 3325 2285 3399 partem
2338 3319 2496 3380 milli-

467 3425 634 3484 metm'
678 3425 1020 3502 aequantia
1065 3430 1265 3482 strata
1312 3431 1479 3482 sunt.
