2808 3996
1376 261 1528 332 234

433 443 706 524 partibus
753 441 986 503 duabus
1030 441 1136 500 vel
1183 439 1366 500 m'bus
1404 439 1659 519 Aquae,
1708 441 2090 518 solutionem
2120 440 2468 511 turbidam,

428 545 709 627 partibus
765 544 960 605 decem
1015 543 1099 602 ad
1153 543 1373 623 viyz‘ntz',
1439 542 1821 601 solutionem
1874 561 2080 622 paene
2135 542 2472 622 limpidam

445 647 702 718 efficiat,
754 667 832 707 ex
878 665 1007 726 qua
1051 646 1264 705 resina
1309 644 1568 705 secedat
1612 644 1813 704 nulla.

1099 906 1355 1018 Sapo
1416 905 1816 992 kalinus.

621 1084 918 1164 Liquoris
958 1083 1106 1143 Kali
1154 1083 1418 1143 eaustiei
1450 1083 1731 1162 partibus
1777 1088 2002 1144 centum
2041 1085 2276 1165 triyinta

1505 1186 1761 1267 quinque
1808 1232 2264 1245 ...........
2330 1190 2453 1247 135

623 1290 764 1350 Olei
816 1289 955 1347 Lini
989 1293 1199 1367 partes
1246 1293 1472 1348 centum
1500 1334 2265 1347 ..................
2331 1291 2456 1349 100

796 1393 863 1450 in
915 1391 1146 1450 balneo
1203 1408 1405 1468 aquae
1459 1390 1799 1468 paullatim
1858 1388 2112 1450 additas
2166 1409 2282 1470 per

798 1493 1185 1553 semihoram
1233 1493 1634 1551 continenter
1681 1493 1931 1569 agitans
1982 1491 2277 1553 ealeface.

800 1595 936 1670 Quo
968 1594 1137 1654 facto

626 1698 907 1779 Spiritus
947 1697 1219 1777 partibus
1266 1697 1465 1778 viqz‘nti
1507 1697 1763 1778 quinque
1808 1743 2265 1758 ...........
2371 1701 2456 1759 25

803 1808 891 1871 et,
941 1800 1326 1878 simulatque
1373 1818 1586 1859 massa
1618 1799 1903 1878 aequalis
1935 1798 2105 1860 faeta
2138 1802 2279 1871 erit,

624 1908 844 1983 Aquae
884 1901 1158 1982 partibus
1205 1901 1461 1962 ducentis
1498 1948 2264 1962 ..................
2327 1906 2457 1964 200

799 2006 1138 2086 paullatim
1194 2004 1436 2075 affusis,
1484 2002 1871 2064 fervefacere
1900 2023 2122 2084 perge,
2175 2005 2283 2066 do-

800 2127 920 2167 nee
968 2107 1260 2167 effectum
1309 2108 1430 2166 erit
1472 2107 1720 2166 viseum
1767 2109 2028 2187 saponis
2082 2109 2283 2188 pellu-

802 2209 1046 2280 cidum,
1080 2211 1148 2268 in
1180 2210 1369 2288 Aqua
1399 2208 1674 2281 fervida,
1723 2210 1903 2269 nullo
1943 2211 2084 2270 oleo
2117 2230 2282 2272 sece-

804 2312 1022 2382 dente,
1096 2312 1388 2371 solubile.
1494 2311 1679 2387 Quod
1740 2313 1810 2372 in
1871 2312 2107 2373 balneo
2173 2332 2282 2374 va-

803 2417 976 2494 poris
1049 2416 1302 2493 agitans
1366 2434 1669 2494 evapora,
1743 2414 1948 2474 donee
2010 2415 2286 2496 Spiritus

807 2516 1128 2596 aufugerit
1175 2525 1237 2577 et
1281 2517 1537 2596 pondus
1585 2518 1847 2598 saponis
1895 2517 2168 2579 confecti
2208 2521 2289 2579 sit

629 2621 896 2682 Partium
942 2625 1168 2680 centum
1214 2621 1640 2701 quinquaqinta
1687 2667 2273 2680 ..............
2339 2626 2483 2682 150.

541 2724 751 2782 Massa
812 2743 845 2782 e
899 2721 1199 2782 subfusco
1254 2721 1441 2793 flava,
1498 2721 1840 2802 pellucida,
1906 2724 2144 2793 mollis,
2215 2724 2482 2790 lubrica„

456 2826 667 2885 odoris
716 2826 955 2903 exigui,
1005 2823 1183 2884 haud
1229 2827 1551 2895 nauseosi,
1601 2825 1888 2904 granulis
1928 2824 2229 2886 admixtis
2261 2826 2483 2897 libera,

458 2937 519 2988 et
563 2929 633 2987 in
677 2926 867 3006 Aqua
913 2934 975 2986 et
1019 2927 1090 2986 in
1138 2926 1381 3006 Spiritu
1427 2927 1735 2986 solubilis,

543 3030 664 3089 Hie
710 3048 866 3108 sapo
913 3047 1162 3108 semper
1210 3028 1640 3108 dispensetur,
1688 3029 1812 3089 nisi
1861 3029 2032 3111 Sapo
2078 3030 2336 3091 kalinus
2382 3050 2487 3091 ve-

459 3132 624 3192 nalis
673 3131 904 3191 diserte
950 3132 1383 3212 praescriptus
1431 3131 1565 3191 erit.

901 3376 1158 3489 Sapo
1217 3376 1593 3463 kalinus
1652 3377 2046 3464 venalis
