2808 3996
1407 277 1506 346 64

437 455 585 515 libri
615 455 838 527 fibrae,
889 456 1250 516 Cinehonas
1279 456 1720 533 insignientes,
1757 454 2237 533 dignoscuntur.
2316 453 2463 515 Cor—

437 560 574 616 tiois
631 563 963 638 ,qrammate
1023 556 1130 633 0,1
1191 558 1258 615 in
1318 556 1544 616 tubulo
1611 558 1815 617 vitreo
1878 555 2280 627 candefacto,
2351 557 2466 636 pix

438 659 685 738 liquida
730 659 898 718 belle
947 661 1240 718 eoeoinea
1286 660 1502 718 oritur.

528 761 756 822 Cortex
824 762 1066 821 Chinae
1118 762 1324 839 redigi
1386 767 1598 840 potest
1660 761 1744 822 ad
1798 761 2133 840 pulverem
2187 779 2222 819 e
2271 759 2467 820 rubro

438 863 711 935 fuseum,
754 866 864 943 qui
893 884 1026 923 non
1059 866 1268 922 minus
1301 865 1624 923 contineat
1655 863 2044 923 substantiae
2078 861 2467 922 alealoideae

438 985 632 1044 quam
664 968 730 1025 in
762 973 984 1027 centum
1011 965 1290 1046 partibus
1328 971 1442 1026 tres
1479 972 1535 1025 et
1561 966 1877 1026 dimidiam.
1961 963 2154 1044 Cujus
2185 965 2468 1044 pulveris

435 1069 786 1148 yrammatis
819 1070 1016 1149 viyinti
1044 1089 1187 1128 eum
1214 1069 1564 1150 ‚qrammcztis
1596 1069 1791 1128 decem
1820 1067 2110 1146 Liquoris
2143 1066 2488 1126 Ammoniiae

440 1172 700 1229 oaustiei
715 1219 728 1241 ,
794 1172 1145 1251 flammatis
1213 1171 1410 1252 viqinti
1467 1171 1765 1250 SpirituS,
1831 1169 2183 1251 yrammatis
2243 1175 2468 1229 centum

437 1273 804 1353 septuayinta
876 1272 1172 1332 Aetheris
1247 1269 1597 1331 identidem
1684 1291 1759 1330 ao
1831 1272 2243 1331 vehementer
2322 1291 2467 1331 eon-

440 1376 772 1452 quassatis,
805 1393 935 1433 uno
971 1373 1072 1432 die
1097 1382 1356 1452 peraeto
1376 1379 1718 1454 yrammata
1742 1379 1964 1434 centum
1989 1374 2186 1454 viyimi
2204 1372 2470 1452 limpide

442 1476 778 1537 deeantha.
879 1475 1229 1536 Centimetris
1274 1475 1486 1535 cubicis
1531 1474 1713 1535 tribus
1757 1475 1943 1534 Aeidi
1989 1475 2470 1555 hydroehloriei

437 1579 836 1639 volumetriei
869 1578 1121 1647 additiS,
1158 1577 1502 1637 Aetherem
1538 1577 1925 1637 destinando
1959 1585 2068 1637 aut
2101 1577 2469 1637 exhalando

438 1700 714 1751 remove,
747 1689 904 1751 tum,
940 1682 993 1739 si
1023 1699 1280 1739 neeesse
1315 1681 1456 1750 erit,
1489 1687 1740 1739 tantum
1772 1679 1959 1738 Aeidi
1991 1678 2471 1758 hydroohloriei

441 1783 635 1854 adde,
686 1790 999 1862 quantum
1041 1782 1125 1841 ad
1167 1781 1625 1842 acidulandum
1676 1783 2036 1861 requiritur.
2117 1780 2253 1856 Quo
2299 1780 2469 1841 faeto

439 1887 650 1966 liquor
710 1884 984 1945 filtratus
1047 1883 1280 1963 frigore
1343 1904 1485 1943 eum
1542 1885 1881 1944 centimetris
1926 1882 2140 1943 cubicis
2196 1883 2376 1944 tribus
2421 1890 2478 1944 et

440 1989 678 2049 dimidio
724 1987 1012 2066 Liquoris
1060 1987 1208 2045 Kali
1256 1988 1515 2046 oaustiei
1558 1987 1956 2045 volumetrioi
2010 1987 2467 2046 commiscetur.

441 2090 838 2168 Simulatque
894 2089 1288 2148 substantiae
1344 2087 1733 2147 alealoideae
1790 2087 2221 2159 subsederint,
2277 2090 2345 2148 in
2398 2089 2470 2149 li-

440 2213 705 2273 quorem
760 2191 1099 2271 limpidum
1156 2197 1624 2270 superstantem
1684 2199 1936 2249 tantum
1989 2190 2276 2269 Liquoris
2323 2191 2473 2251 Kali

443 2297 702 2355 oaustioi
761 2294 1027 2364 instilla,
1093 2301 1406 2373 quantum
1476 2294 1817 2371 requiritur
1837 2340 1851 2362 ,
1916 2300 1987 2351 ut
2047 2293 2471 2354 sedimentum

442 2397 837 2476 subsequens
892 2415 1026 2454 non
1084 2397 1340 2454 oriatur.
1444 2395 1773 2454 Postremo
1836 2394 2191 2454 sedimenta
2251 2396 2321 2454 in
2375 2394 2470 2455 fil-

439 2507 611 2560 trum
689 2499 955 2557 eolleeta
1033 2498 1172 2556 elue
1247 2497 1583 2576 paullatim
1664 2498 1895 2574 exigua
1969 2495 2186 2575 Aqua,
2268 2497 2472 2558 donee

442 2609 660 2682 guttae
726 2599 1097 2670 defluenteS,
1159 2601 1311 2660 dum
1365 2602 1432 2658 in
1489 2598 1887 2678 superficiem
1941 2598 2271 2659 solutionis
2327 2599 2470 2660 Chi-

440 2706 579 2764 nini
631 2703 916 2763 sulfuriei
971 2722 1276 2781 aquosae,
1336 2702 1666 2772 neutraliS,
1722 2700 1959 2779 frigore
2014 2709 2333 2761 saturatae
2379 2703 2470 2761 in-

447 2807 696 2877 cidunt,
755 2806 929 2864 hane
972 2805 1234 2864 turbare
1291 2804 1609 2863 desierint.
1712 2803 1986 2882 Liquore
2042 2803 2332 2883 delaPSO‚
2382 2805 2472 2864 al-

444 2909 730 2968 ealoidea
796 2910 963 2967 inter
1032 2907 1322 2966 chartam
1392 2906 1682 2966 bibulam
1747 2906 1976 2964 leniter
2036 2924 2258 2985 pressa
2326 2909 2472 2966 aere

441 3019 690 3071 tantum
723 3012 914 3080 sicea,
949 3017 1262 3088 quantum
1296 3010 1447 3068 satis
1480 3016 1598 3078 est,
1647 3014 1744 3078 ut,
1780 3009 1848 3066 in
1878 3027 2148 3087 parvam
2180 3009 2471 3088 patinam

441 3114 712 3174 vitream
756 3113 1064 3181 immissa,
1114 3130 1305 3190 super
1335 3109 1539 3169 Aoido
1587 3109 1889 3168 sulfurieo
1939 3117 2000 3168 et
2035 3117 2357 3189 postremo
2403 3112 2471 3170 in

443 3214 676 3274 balneo
722 3215 981 3293 vaporis
1028 3233 1290 3293 prorsus
1336 3213 1560 3272 siccari
1604 3213 1868 3290 possint.

532 3315 909 3375 Alealoidea
950 3317 1040 3374 sie
1082 3315 1302 3374 effecta
1338 3333 1419 3372 ne
1466 3315 1590 3372 sint
1619 3313 1922 3392 ponderis
1968 3314 2229 3372 minoris
2276 3333 2470 3392 quam

441 3423 843 3499 yrammatum
890 3415 1059 3493 0,42.
1161 3415 1441 3491 Quorum
1496 3415 1854 3495 pauxillum
1908 3416 1962 3474 si
2018 3435 2160 3474 eum
2209 3415 2470 3494 pondere
