2808 3996
1473 289 1572 360 90

587 468 890 547 Liquores
938 469 1171 527 mixtos
1217 466 1387 526 filtra
1446 475 1506 526 et
1553 468 1965 548 evaporando
2026 467 2110 527 ad
2155 468 2527 528 Extractum

503 576 714 646 tenue,
765 572 937 629 omni
983 569 1262 629 Aethere
1306 569 1677 642 liberatum,
1728 570 1966 649 redige.

587 673 963 732 Extractum
989 674 1302 751 agitatum
1329 679 1390 731 et
1414 671 1757 752 Glycerino
1786 673 2078 742 dilutum,
2114 673 2169 733 si
2193 673 2527 733 microseo-

498 777 606 856 pio
655 774 1024 855 subjeceris,
1074 793 1156 834 ne
1202 774 1512 854 praebeat
1558 775 1832 854 granula
1879 775 2116 854 Amyli.

588 877 685 938 Sit
730 876 1086 948 subviride,
1134 877 1204 936 in
1249 876 1441 957 Aqua
1486 896 1619 936 non
1665 876 1955 937 solubile.

924 1170 1482 1255 Extractum
1543 1168 2103 1256 Gentianae.

677 1346 937 1407 Radieis
987 1346 1335 1405 Gentianae
1367 1351 1609 1426 partem
1656 1366 1838 1407 zmam
1909 1395 2406 1406 ............
2472 1351 2529 1423 1,

675 1450 895 1529 Aquae
929 1448 1205 1529 partibus
1251 1450 1504 1531 quinque
1551 1496 2405 1508 ....................
2469 1454 2507 1510 5

853 1550 1272 1632 superfusam,
1322 1571 1575 1611 macera
1616 1572 1731 1633 per
1764 1552 1957 1612 horas
1990 1552 2422 1633 quadraginta

854 1661 1015 1714 octo,

943 1756 1185 1832 Quibus
1235 1759 1578 1838 expressis,
1628 1757 1723 1830 id,
1774 1758 1949 1838 quod
1995 1759 2315 1830 restiterit,

676 1863 895 1940 Aquae
927 1860 1205 1940 partibus
1251 1862 1501 1943 quinque
1556 1910 2406 1922 ....................
2470 1866 2508 1924 5

850 1982 966 2044 per
1013 1963 1207 2023 horas
1256 1963 1596 2023 duodecim
1644 1966 1874 2025 iterum
1922 1985 2191 2025 macera.

588 2066 892 2146 Liquores
927 2066 1346 2147 exprimendo
1382 2067 1635 2128 effectos
1668 2070 1889 2140 misce,
1928 2087 2155 2148 eoque,
2192 2069 2529 2142 decantha,

502 2168 917 2251 evaporando
982 2170 1051 2228 in
1105 2169 1340 2229 balneo
1398 2189 1603 2250 aquae
1667 2170 1750 2231 ad
1807 2177 2018 2252 partes
2080 2172 2232 2233 duas
2291 2173 2528 2253 redige.

501 2272 685 2349 Quod
724 2273 1049 2344 restiterit,
1099 2274 1168 2331 in
1209 2272 1397 2352 Aqua
1440 2271 1679 2353 frigida
1712 2274 1915 2345 solve,
1960 2275 2239 2335 solutum
2272 2273 2439 2335 filtra
2473 2284 2533 2336 et

502 2374 915 2457 evaporando
965 2374 1049 2435 ad
1095 2375 1468 2435 Extractum
1518 2378 1795 2456 spissum
1840 2377 2077 2457 redige.

589 2478 685 2539 Sit
730 2476 1004 2549 fuscum,
1056 2479 1124 2538 in
1169 2477 1359 2558 Aqua
1405 2478 1674 2559 limpide
1722 2479 2013 2539 solubile.

977 2756 1537 2843 Extractum
1598 2755 2099 2844 Graminis.

676 2933 1062 2994 Rhizomatis
1113 2934 1429 2994 Graminis
1468 2940 1678 3014 partes
1725 2935 1877 2996 duas
1909 2983 2361 2995 ...........
2467 2939 2529 3014 2,

675 3039 894 3115 Aquae
941 3036 1295 3096 ebullientis
1352 3037 1625 3117 partibus
1672 3038 1867 3099 decem
1905 3085 2359 3098 ..........
2426 3043 2506 3101 10

502 3137 893 3220 superfusaS,
944 3158 1059 3219 per
1104 3139 1300 3199 horas
1348 3159 1460 3199 sex
1509 3139 1743 3220 digere.

588 3241 928 3321 Liquorem
979 3241 1253 3301 colando
1304 3242 1594 3302 effectum
1643 3251 1704 3304 et
1750 3243 1835 3304 ad
1869 3250 2080 3325 partes
2126 3250 2241 3306 tres
2282 3253 2526 3306 coetum

502 3343 670 3403 filtra
718 3351 779 3403 et
826 3344 1237 3424 evaporando
1286 3345 1370 3405 ad
1416 3345 1789 3406 Extractum
1838 3348 2115 3426 spissum
2161 3348 2399 3428 redige.

593 3446 688 3506 Sit
735 3465 766 3505 e
812 3446 1007 3506 rubro
1056 3445 1330 3518 fuse-um,
1381 3449 1447 3506 in
1491 3448 1680 3528 Aqua
1727 3449 1993 3529 limpide
2041 3450 2330 3509 solubile.
