2808 3996
1391 266 1541 338 275

632 437 912 518 Spiritus
955 441 1236 521 partibus
1280 443 1474 505 decem
1507 491 2310 511 ...................
2378 456 2458 514 10

806 542 1121 622 paranda.

542 640 639 701 Sit
666 643 946 703 tinctura
979 645 1205 707 coloris
1230 666 1263 707 e
1287 647 1605 709 subrubro
1637 648 1788 710 flavi
1804 698 1818 722 ,
1853 653 2096 731 saporis
2119 654 2477 726 ustnlzmffis,

455 744 644 817 acris,
693 744 907 806 odoris
952 766 1085 807 non
1133 747 1432 810 distincti.

972 964 1428 1053 Tinctum
1487 967 1954 1056 Castorei.

803 1111 903 1173 Ex

627 1214 915 1275 Castorei
946 1222 1127 1296 parte
1171 1238 1291 1279 una
1330 1267 1341 1278 .
1374 1266 1386 1278 .
1418 1266 1430 1278 .
1507 1259 1522 1279 .-
1551 1267 2311 1281 .................
2422 1227 2454 1282 1

805 1329 867 1378 et

626 1418 908 1499 Spiritus
942 1422 1220 1501 partibus
1250 1422 1446 1484 decem
1812 1472 2308 1485 ............
2377 1430 2456 1486 10

799 1523 1111 1603 paranda.

535 1622 845 1684 Tinctura
877 1626 1105 1686 coloris
1138 1646 1218 1686 ex
1247 1627 1560 1707 perrubro
1592 1627 1778 1700 fusci,
1815 1627 2028 1689 odoris
2059 1628 2238 1690 fortis
2270 1630 2477 1709 qualis

448 1732 543 1785 est
573 1725 871 1788 Castorei.
961 1726 1121 1788 Cum
1170 1729 1395 1809 Aquae
1442 1729 1727 1790 volumine
1773 1730 2109 1812 quadruplo
2165 1732 2269 1791 vel
2316 1735 2476 1813 quin-

447 1827 607 1908 tuplo
662 1832 1006 1891 commixta
1059 1831 1375 1911 liquorem
1430 1832 1707 1893 lacteum
1754 1833 1981 1893 coloris
2028 1833 2219 1893 luridi
2268 1833 2473 1904 efficit,

447 1949 480 1989 e
526 1949 655 2010 quo
703 1933 1190 2012 conquassando
1236 1935 1450 1994 resina
1497 1936 1755 2014 copiosa
1790 1937 2273 2015 praecipitatur,
2325 1935 2476 1994 dum

445 2033 656 2112 liquor
701 2035 839 2116 ipse
885 2036 1114 2096 coloris
1158 2054 1367 2115 paene
1414 2055 1640 2117 expers
1687 2044 1749 2097 et
1792 2036 2096 2116 limpidus
2142 2035 2230 2095 fit.

977 2239 1435 2326 Tinctum
1491 2238 1945 2326 Catechu.

797 2385 898 2446 Ex

623 2489 903 2548 Catechu
936 2493 1116 2568 parte
1159 2508 1281 2549 una
1321 2537 2346 2548 ........................
2414 2494 2441 2548 1

801 2601 861 2649 et

622 2692 906 2773 Spiritus
955 2693 1137 2752 diluti
1172 2692 1451 2772 partibus
1497 2694 1748 2776 quinque
1765 2742 2345 2752 ..............
2410 2697 2446 2751 5

798 2795 1107 2875 paranda.

532 2896 836 2957 Tinctura
905 2898 1133 2958 eoloris
1204 2918 1283 2958 ex
1345 2899 1656 2979 perrubm
1712 2898 1895 2968 susci,
1968 2918 2093 2956 non
2150 2897 2469 2977 pellucidam

447 3002 563 3059 nisi
639 3002 701 3059 in
766 3001 966 3059 latum
1034 2999 1257 3071 effusa,
1330 3001 1543 3061 odoris
1611 3000 1785 3060 haud
1851 2999 2154 3069 distincti,
2227 3001 2466 3077 saporis

447 3102 637 3163 valde
701 3102 1181 3179 adstringentis,
1246 3104 1582 3162 reaetionis
1647 3101 1884 3161 acidae.
1988 3103 2176 3161 Ferro
2233 3103 2464 3178 susqui-

446 3204 736 3264 ehlorato
794 3203 1013 3263 addito
1069 3204 1343 3263 colorem
1410 3203 1664 3263 sordide
1727 3203 2025 3273 viridem,
2098 3223 2236 3261 (zum
2288 3202 2463 3280 paul-

448 3307 576 3366 lulo
640 3306 810 3365 Kalii
865 3306 1169 3365 chromici
1232 3305 1579 3366 fervefacta
1650 3305 1924 3364 colorem
1991 3306 2235 3363 intense
2298 3323 2461 3361 ‹zera-

448 3429 622 3470 seum
674 3407 863 3467 ducit.

2026 3533 2112 3576 35·
