2808 3996
1405 268 1502 339 18

437 448 724 506 chlorato
815 446 1089 506 Acidum
1184 447 1514 504 tannicum
1612 448 2098 527 praecipitatum
2195 447 2458 506 Ferrum

434 549 1007 627 sesquichloratum
1056 546 1247 606 efficit
1293 547 1718 606 sedimentum
1766 567 1799 606 e
1847 548 2136 607 caeruleo
2178 549 2454 627 nigrum,

434 651 605 730 quod
653 651 856 710 Acido
904 649 1206 710 sulfurico
1255 649 1543 709 admixto
1592 652 1931 709 evanescit.

519 753 794 812 Acidum
841 755 907 811 in
946 753 1170 831 Aquae
1202 750 1483 831 partibus
1529 754 1780 833 quinque
1825 752 2124 822 solutum,
2172 752 2458 813 volumine

432 855 666 937 aequali
716 855 991 935 Spiritus
1056 854 1334 935 adjecto,
1403 863 1734 913 remaneat
1787 854 2157 934 limpidum,
2224 855 2455 913 solutio

433 960 773 1038 spirituosa
815 977 895 1016 ne
935 956 1220 1017 volumine
1259 957 1495 1017 dimidio
1526 957 1823 1016 Aetheris
1866 956 2125 1036 quidem
2167 957 2455 1016 admixto

431 1061 738 1120 turbetur.

523 1164 808 1222 Gramma
861 1182 1042 1222 unum
1108 1161 1191 1220 ad
1258 1163 1534 1220 cinerem
1597 1161 1930 1220 redactum
1991 1180 2075 1220 ne
2134 1161 2457 1239 relinquat

431 1264 758 1323 residuum
805 1262 1247 1345 ponderabile.

928 1775 1330 1861 Acidum
1388 1775 1964 1861 tartaricum.

519 1979 837 2059 Crystalla
883 1980 1185 2059 grandia,
1237 1980 1464 2040 coloris
1514 1982 1826 2060 expertia,
1879 1980 2237 2060 diaphana,
2288 1981 2455 2041 colu-

430 2083 747 2152 mellaria,
815 2101 1004 2162 saepe
1066 2084 1135 2141 in
1201 2084 1426 2142 crustis
1494 2082 1934 2152 cohaerentia,
1994 2084 2062 2142 in
2118 2086 2262 2142 aere
2317 2103 2455 2163 per-

431 2186 743 2254 sistentia,
792 2183 1139 2243 fervefacta
1187 2204 1329 2243 cum
1378 2183 1574 2244 odore
1618 2186 1907 2244 sacchari
1938 2186 2087 2245 tosti
2122 2185 2456 2245 carbones-

432 2288 658 2357 centia,
709 2288 767 2345 in
799 2286 1078 2366 partibus
1124 2285 1232 2357 0ss
1267 2287 1520 2366 Aquae,
1570 2288 1638 2345 in
1684 2285 1794 2357 2,5
1827 2286 2101 2367 Spiritus
2134 2287 2453 2347 solubilia.

519 2388 763 2448 Solutio
813 2407 1053 2467 aquosa
1106 2387 1324 2459 Acidi,
1382 2389 1655 2467 Liquore
1697 2389 1869 2448 Kalii
1917 2391 2138 2449 acetici
2185 2389 2454 2471 adjectO,

433 2491 546 2550 dat
599 2490 1025 2550 sedimentum
1082 2491 1551 2570 crystallinum,
1602 2491 1790 2570 Aqua
1832 2491 2156 2551 Calcariae
2199 2492 2458 2552 abunde

432 2593 682 2663 addita,
733 2591 1157 2651 sedimentum
1189 2594 1397 2672 primo
1429 2591 1867 2664 flocculosum,
1916 2602 2053 2652 tum
2085 2595 2153 2652 in
2183 2592 2456 2653 formam

432 2693 870 2774 crystallinam
933 2693 1182 2765 abiens,
1256 2701 1317 2753 et
1377 2696 1445 2753 in
1507 2695 1850 2754 Ammonio
1915 2695 2204 2754 chlorato
2268 2704 2329 2755 et
2388 2698 2456 2756 in

430 2797 704 2875 Liquore
749 2795 937 2854 Natri
985 2797 1243 2855 caustici
1291 2795 1582 2855 solubile.
1658 2790 1842 2872 Quod
1889 2797 2341 2869 sedimentum,
2390 2799 2458 2858 in

430 2899 702 2978 Liquore
748 2898 951 2973 Natri⁴
981 2900 1240 2957 caustici
1286 2899 1591 2969 solutum,
1642 2899 1975 2978 coquendo
2030 2900 2456 2979 gelatinosum

431 3002 917 3081 praecipitatur,
965 2998 1446 3079 refrigeratione
1492 3001 1849 3060 resolvitur.

521 3102 765 3163 Solutio
821 3120 1063 3181 aquosa
1109 3102 1299 3162 Acidi
1356 3104 1416 3178 (1
1455 3130 1529 3156 =
1566 3104 1673 3180 10)
1731 3123 1813 3162 ne
1861 3103 2075 3164 Calcio
2132 3103 2452 3178 sulfurico‚

430 3224 594 3265 neve
645 3204 856 3284 Baryo
911 3205 1169 3275 nitricO,
1226 3224 1389 3264 neve
1442 3205 1782 3264 Ammonio
1839 3207 2088 3265 oxalico
2142 3207 2450 3267 turbetur.

434 3306 707 3366 Acidum
767 3308 836 3365 in
895 3305 1226 3385 pulverem
1271 3306 1628 3378 redactum,
1694 3310 1881 3386 Aqua
1927 3308 2456 3387 hydrosulfurata

434 3407 786 3489 superfusa,
834 3427 916 3467 ne
962 3414 1255 3467 mutetur.
