2808 3996
1387 266 1539 337 306

963 444 1358 529 Zineum
1419 443 1959 556 Oxydatum.

541 607 758 667 Pulvis
793 607 1003 676 albus,
1054 606 1332 677 subtiliS‚
1384 606 1762 685 amorphu&
1811 607 1879 665 in
1927 604 2116 686 Aqua
2145 625 2281 666 non
2311 606 2476 666 solu-

453 711 624 780 bilis,
672 711 740 768 in
772 708 975 767 Aeido
1009 709 1246 767 aeetieo
1281 707 1484 767 diluto
1517 708 1831 779 solubilis,
1865 710 1976 787 qui
2006 707 2476 768 fervefaciendo

454 813 727 871 eolorem
776 810 859 870 ad
907 818 1158 889 tempus
1203 809 1443 869 flavum
1491 810 1681 869 ducit.

540 914 798 973 Zineum
860 913 1215 991 oxydatum
1263 932 1407 971 eum
1459 910 1650 991 Aqua
1704 920 2226 992 conquassatum,
2284 914 2338 973 si
2383 912 2477 973 fil-

452 1017 747 1085 traveris‚
782 1015 994 1094 Baryo
1025 1016 1254 1074 nitrieo
1288 1022 1399 1074 aut
1428 1013 1716 1093 Argento
1748 1016 1978 1074 nitrieo
2012 1013 2297 1095 adjectis,
2339 1022 2477 1089 tan-

450 1117 779 1178 tummodo
827 1118 1167 1197 opaleseat.
1262 1116 1440 1176 Idem
1496 1118 1564 1175 in
1610 1115 1797 1176 Aeidi
1844 1118 2063 1176 aeetiei
2110 1117 2294 1177 diluti
2326 1138 2477 1197 par-

451 1221 599 1281 tibus
653 1221 847 1280 decem
899 1239 1030 1278 non
1097 1219 1510 1279 effervescens
1567 1219 1869 1278 solvatur.
1987 1218 2159 1292 Quae
2225 1220 2475 1292 soluti0‚

450 1324 719 1403 Liquore
764 1321 1089 1381 Ammonii
1136 1322 1395 1381 eaustiei
1442 1322 1509 1379 in
1558 1340 1816 1380 excessu
1865 1320 2115 1392 addite,
2164 1313 2479 1401 liqu'orem

448 1425 811 1505 limpidum,
884 1425 1110 1484 eoloris
1174 1431 1500 1503 expertem
1558 1422 1893 1503 praebeat,
1965 1425 2076 1503 qui
2135 1423 2477 1485 Ammonio

450 1529 696 1588 oxalieo
743 1534 853 1586 aut
897 1526 960 1585 N
963 1528 1122 1586 atrio
1168 1525 1605 1606 phosphorieo
1651 1546 1785 1586 non
1814 1525 2132 1597 turbetur,
2182 1526 2297 1587 sed
2332 1547 2478 1587 eum

450 1631 637 1710 Aqua
683 1627 1211 1709 hydr-osulfurata
1256 1647 1372 1708 per
1417 1635 1618 1689 strata
1666 1628 2008 1708 dispositus
2054 1628 2477 1690 sedimentum

448 1753 607 1814 pure
654 1732 874 1791 album
922 1730 1230 1791 demittat.

732 1951 1125 2035 Zineum
1186 1951 1701 2063 Oxydatum
1764 1952 2181 2037 crudum.

536 2114 755 2174 Pulvis
789 2113 992 2183 albus,
1042 2113 1312 2183 subtilis,
1363 2113 1731 2193 amorphm,
1782 2115 1847 2172 in
1878 2113 2066 2194 Aqua
2095 2115 2472 2187 insolubilis,

449 2215 915 2276 fervefaciendo
966 2216 1240 2275 colorem
1289 2214 1371 2275 ad
1419 2223 1670 2295 tempus
1717 2215 1955 2276 flavum
2002 2217 2280 2277 trahens.

536 2319 609 2378 In
671 2317 874 2378 Aeido
938 2319 1175 2378 aeetico
1240 2317 1442 2377 diluto
1511 2338 1639 2377 non
1694 2317 2108 2379 effervescens
2162 2320 2471 2390 solvatur3

449 2421 899 2491 sefflmentum,
965 2421 1030 2478 in
1086 2420 1211 2479 hae
1266 2420 1578 2479 solutione
1642 2420 1912 2498 Liquere
1967 2421 2153 2481 Natri
2217 2424 2475 2483 eaustiei

451 2523 764 2593 effectum,
836 2523 903 2580 in
974 2520 1257 2601 ejusdem
1318 2522 1607 2601 Liquoris
1679 2542 1940 2583 excessu
2009 2522 2091 2583 ad
2161 2524 2474 2603 liquorem

447 2626 814 2705 limpidum,
882 2625 1111 2684 eoloris
1174 2632 1498 2703 expertem
1567 2625 1869 2684 solvatur.
1964 2625 2139 2686 Zinei
2208 2627 2474 2706 oxydati

444 2733 785 2808 yrammata
831 2725 958 2802 O‚2‚
1007 2728 1073 2784 in
1118 2725 1306 2786 Aeidi
1355 2728 1575 2786 aeetiei
1623 2726 1808 2786 diluti
1850 2729 2202 2808 yrammatc's
2247 2728 2475 2791 duobus

449 2830 681 2899 soluta,
730 2835 1074 2908 postquam
1104 2826 1494 2898 refrixerint,
1543 2828 1732 2888 Kalio
1755 2827 1985 2908 jodato
2017 2849 2097 2889 ne
2128 2838 2468 2891 mutentur.

538 2930 706 2992 Cave
751 2951 831 2990 ne
880 2929 1192 2990 adhibeas
1239 2930 1323 2990 ad
1368 2950 1554 2990 usum
1599 2932 1934 2990 internum.

724 3128 729 3136 ᾗ
800 3149 1191 3233 Zineum
1264 3149 2175 3239 sulsoearbolicnm„

537 3310 926 3372 Columellae
971 3311 1077 3368 vel
1120 3310 1380 3369 tabulae
1436 3311 1663 3369 eoloris
1719 3317 2033 3390 expertes,
2089 3312 2465 3390 pellucidae,

451 3416 593 3472 aere
655 3412 840 3472 faeile
904 3411 1290 3480 fatiscente83
1361 3413 1427 3470 in
1471 3413 1741 3495 pondere
1804 3411 2022 3496 duplici
2068 3412 2294 3496 Aquae
2358 3423 2468 3479 aut
