2808 3996
1481 236 1533 289 X

511 428 654 485 cae3
708 415 855 471 tum
909 406 1283 473 reactiones
1340 429 1515 495 quae
1559 417 1890 473 vocantur
1941 407 2308 473 identitatis
2361 430 2514 496 pro-

508 538 886 626 posuimus3
940 547 1089 602 tum
1145 559 1279 626 quo
1335 539 1540 603 modo
1595 539 2093 605 medicamenta
2147 538 2513 605 examinari

510 670 831 735 deberent
870 708 963 714 —-
1003 693 1139 758 qua
1192 670 1484 759 puritate
1540 681 1793 750 essent,
1853 671 2085 759 quales
2140 671 2513 737 reactiones

508 802 906 890 praeberent
945 822 1068 882 ——3
1106 801 1396 894 denique
1435 825 1570 891 qua
1605 803 1865 869 ratione
1895 803 2228 870 servanda
2267 812 2513 881 essent,

509 933 615 999 cui
650 942 1042 1022 praecepte,
1086 933 1478 1023 ubicunque
1525 957 1562 1001 e
1605 957 1675 1000 re
1721 956 1870 1001 esse
1914 934 2266 1014 videretur,
2315 935 2513 1000 doses

508 1066 838 1131 maximas
896 1074 964 1132 et
1017 1065 1314 1155 singulas
1371 1075 1439 1132 et
1489 1089 1611 1156 pro
1669 1067 1774 1133 die
1829 1066 2259 1155 subjecimus.

661 1195 1090 1263 Substantias
1147 1198 1483 1264 chemicas
1540 1208 1878 1287 quatenus
1935 1221 2091 1265 cum
2146 1198 2286 1264 aliis
2334 1221 2516 1265 com-

506 1328 754 1395 mixtas
811 1351 961 1395 esse
1013 1352 1134 1419 per
1186 1330 1368 1420 leges
1423 1330 1674 1409 liceret,
1731 1331 1959 1419 quoad
2014 1330 2157 1418 ejus
2213 1329 2352 1396 fieri
2394 1353 2516 1420 po-

506 1462 636 1527 tuit
654 1514 668 1542 ,
725 1462 1217 1528 constituimus.

660 1594 904 1682 Neque
972 1594 1435 1683 junctionibus
1526 1595 1841 1661 chemicis
1916 1594 2239 1661 formulas
2325 1594 2514 1661 addi-

509 1725 727 1792 dimus
805 1747 1030 1814 neque
1097 1725 1401 1791 tabulam
1471 1725 1911 1806 confecimuS,
2003 1750 2140 1815 qua
2214 1728 2516 1817 pondera

509 1868 892 1924 atomorum
944 1857 1015 1922 in
1070 1868 1513 1948 conspectum
1570 1860 1902 1925 darentur.

659 1989 738 2055 In
823 1991 1244 2079 apponendis
1330 1991 1714 2057 nominibus
1793 1992 2043 2057 Latinis
2129 1993 2515 2081 plantarum

510 2132 716 2212 atque
762 2122 1153 2188 animalium
1198 2123 1376 2189 hanc
1421 2124 1639 2214 legem
1683 2124 2116 2202 servavimUS,
2171 2135 2250 2190 ut
2285 2135 2516 2190 aucto-

510 2279 657 2321 rum
737 2256 1041 2335 nomina,
1131 2279 1287 2322 cum
1356 2256 1550 2322 nobis
1632 2257 1922 2322 multum
2005 2257 2254 2346 diuque
2335 2257 2515 2347 cogi-

512 2388 809 2453 tantibus
882 2389 969 2453 ad
1039 2388 1132 2466 id,
1220 2389 1403 2476 quod
1473 2388 1629 2453 huic
1700 2388 2295 2477 Pharmacopoeae
2365 2412 2517 2478 pro-

510 2520 808 2609 positum
879 2529 1014 2599 est,
1086 2520 1333 2585 nullius
1395 2520 1778 2586 viderentur
1846 2520 2199 2600 momenti,
2271 2521 2516 2588 addere

514 2653 1121 2741 supersederemus.

666 2784 1035 2873 Corporum
1124 2785 1576 2851 chemicorum
1664 2786 1976 2876 crystalla
2067 2809 2203 2874 qua
2289 2796 2518 2853 essent

514 2916 753 2995 forma,
808 2937 948 2980 non
1001 2915 1395 3004 adjecimuS,
1451 2917 1577 2981 nisi
1632 2940 1787 2982 cum
1842 2917 1927 2982 ad
1982 2940 2184 2982 usum
2244 2917 2518 2984 cotidia-

514 3072 679 3113 num
731 3048 1186 3113 necessarium
1239 3048 1606 3113 videbatur.

666 3179 1162 3246 Medicamenta
1224 3182 1803 3268 quemadmodum
1867 3181 2112 3247 servari
2176 3181 2515 3263 deberent,

516 3310 970 3402 praecepturis
1006 3311 1201 3376 nobis
1230 3312 1628 3400 plerumque
1659 3313 1819 3377 satis
1846 3311 1988 3391 fuit,
2030 3336 2260 3379 earum
2295 3337 2515 3380 rerum

519 3444 846 3511 rationem
922 3442 1265 3522 habuisse,
1347 3444 1433 3508 ad
1503 3466 1672 3531 quas
1749 3444 1817 3508 in
1885 3445 2131 3509 tabulis
2201 3445 2255 3509 B
2329 3454 2397 3510 et
2465 3445 2514 3511 C
