2808 3996
1406 265 1504 334 38

883 557 1436 642 Balsamum
1497 555 2012 668 Copaivae.

524 733 761 794 Succus
807 736 1157 805 resinosus,
1208 753 1399 812 quem
1445 734 1720 792 offerunt
1766 736 2009 814 species
2057 733 2458 813 Copaiferae,

435 838 501 894 in
512 837 826 907 America,
855 856 982 915 qua
1001 836 1084 895 ad
1102 836 1436 895 meridiem
1453 843 1717 915 spectat,
1743 844 2091 906 nascentes,
2119 838 2463 916 praecipue

435 939 770 1018 Copaisera
831 938 1160 997 officinalis
1223 946 1285 996 et
1340 938 1677 1017 Copaifera
1731 938 2132 997 Gujanensis.
2226 938 2463 1016 Liquor

432 1041 766 1121 limpidus,
837 1060 871 1100 e
933 1040 1103 1100 flavo
1168 1039 1531 1110 subfuscus,
1588 1040 1766 1099 nullo
1820 1040 2016 1100 modo
2073 1049 2184 1099 aut
2235 1040 2464 1099 leviter

431 1142 840 1214 fluorescenS,
913 1143 1131 1203 odoris
1189 1143 1550 1222 specialiter
1600 1144 1960 1213 aromatici,
2017 1144 2266 1222 saporis
2314 1161 2459 1201 con-

433 1254 671 1306 stanter
726 1247 888 1305 acris
947 1255 1009 1305 et
1069 1245 1414 1305 subamari.
1517 1245 1726 1304 Notae
1782 1245 2113 1324 spissiores
2160 1244 2462 1324 ponderis

433 1347 706 1428 specifici
761 1349 904 1418 O,96
965 1348 1049 1407 ad
1107 1348 1281 1418 0,99,
1348 1366 1512 1425 quae
1564 1348 1632 1405 in
1688 1346 1922 1406 balneo
1978 1366 2183 1426 aquae
2232 1365 2462 1425 evapo-

432 1458 607 1510 ratae
652 1452 931 1510 resinam
980 1450 1148 1509 clare
1194 1448 1468 1520 fuscam,
1518 1447 2001 1527 refrigeratione
2048 1448 2218 1508 facta
2257 1468 2461 1508 amor-

432 1554 661 1634 pham,
733 1552 1103 1632 limpidam,
1176 1550 1472 1630 fragilem
1541 1551 1934 1630 relinquant,
2005 1550 2462 1631 praeferendae

432 1663 595 1715 sunt.
699 1655 997 1715 Balsamo
1058 1655 1329 1734 pondere
1390 1654 1558 1714 vicies
1611 1661 1792 1713 tanto
1849 1652 2092 1734 majore
2148 1653 2462 1714 Carbonei

432 1757 725 1818 sulfurati
780 1758 983 1818 diluto
1041 1764 1103 1816 et
1160 1776 1303 1815 cum
1360 1755 1649 1816 nonnullis
1699 1756 1877 1837 guttis
1921 1758 2240 1815 mixturae
2286 1754 2462 1814 refri-

431 1868 688 1940 geratae
744 1880 777 1920 e
819 1859 1097 1940 partibus
1160 1857 1501 1940 aequalibus
1564 1857 1756 1918 Acidi
1818 1856 2104 1917 sulfurici
2160 1866 2221 1917 et
2274 1857 2463 1917 Acidi

431 1965 640 2023 nitrici
702 1962 1006 2022 fumantis
1074 1963 1465 2041 compositae
1528 1969 1982 2039 conquassat0‚
2042 1960 2216 2019 color
2270 1959 2463 2019 ruber

433 2074 543 2125 aut
594 2067 918 2125 violaceus
970 2085 1050 2124 ne
1098 2065 1358 2123 oriatur.
1452 2062 1736 2122 Balsami
1783 2061 2105 2142 Copaivae
2138 2082 2298 2142 pars
2342 2083 2463 2122 una

434 2189 576 2228 cum
619 2167 899 2249 partibus
959 2169 1212 2250 quinque
1280 2165 1505 2245 Aquae
1576 2165 1788 2224 calore
1862 2165 1984 2224 500
2049 2165 2463 2224 vehementer

433 2279 856 2351 conquassata
887 2272 1235 2329 mixturam
1266 2268 1594 2328 turbidam
1629 2266 1878 2337 efficiat,
1914 2286 2107 2346 quam
2127 2259 2205 2326 'in
2229 2267 2460 2326 balneo

432 2393 636 2453 aquae
692 2374 876 2433 brevi
931 2379 1219 2453 tempore
1278 2374 1346 2430 in
1402 2370 1532 2431 duo
1588 2378 1788 2430 strata
1843 2369 2115 2449 limpida
2168 2369 2461 2429 recedere

433 2483 704 2557 oportet.

895 2829 1448 2917 Balsamum
1508 2830 1594 2915 N
1595 2828 1991 2915 ucistae.

609 3011 811 3068 Cerae
856 3009 1062 3067 flavae
1104 3014 1338 3088 partem
1383 3027 1566 3067 unam
1617 3053 2204 3065 ..............
2212 3029 2249 3065 ·.
2280 3053 2293 3064 .
2325 3053 2337 3064 .
2401 3009 2459 3082 l,

612 3111 756 3170 Olei
804 3111 1138 3170 Olivarum
1177 3116 1381 3190 partes
1427 3110 1579 3170 duas
1619 3156 2337 3167 .................
2396 3110 2459 3184 2,

612 3213 755 3272 Olei
800 3213 1101 3271 Nucistae
1134 3218 1346 3292 partes
1386 3232 1488 3273 sex
1526 3257 2332 3269 ...................
2396 3213 2435 3270 6

431 3318 498 3374 in
522 3315 753 3373 balneo
771 3317 1031 3394 vaporis
1051 3313 1525 3393 colliquefactas
1553 3314 1691 3372 cola
1711 3321 1771 3371 et
1787 3314 1853 3370 in
1872 3312 2166 3391 capsulas
2187 3311 2455 3371 effunde.

518 3417 614 3478 Sit
657 3418 885 3476 coloris
932 3436 966 3475 e
1011 3416 1309 3476 subfusco
1355 3416 1507 3476 flavi
1546 3424 1615 3475 vet
1660 3415 1875 3475 odoris
1923 3415 2275 3473 aromatici.
