2808 3996
1278 257 1422 326 157

662 506 1295 594 Linimentum
1357 505 2044 592 ammoniatam.

516 684 661 745 Olei
707 684 1043 744 Olivarum
1076 689 1286 763 partes
1332 689 1447 744 tres
1482 731 1980 743 ............
1995 743 1999 747 ,
2014 732 2244 743 ......
2307 686 2368 760 3,

517 787 659 847 olei
705 786 1058 866 Papaveris
1091 807 1252 866 pars
1297 807 1418 846 una
1436 834 2245 846 ..................
2312 791 2368 861 l,

517 889 814 968 Liquoris
865 889 1179 948 Ammonii
1226 889 1488 948 caustici
1521 909 1680 969 pars
1725 909 1846 950 una
1881 937 2246 947 .........
2311 893 2345 947 1

693 999 1223 1070 conquassentur,
1264 991 1467 1051 donec
1499 993 1565 1051 in
1597 992 2002 1050 linimentum
2028 1011 2259 1070 aequa-

691 1095 821 1154 bile
870 1097 1151 1154 coierint.

428 1197 524 1256 Sit
592 1198 840 1268 album,
914 1197 1331 1268 subfluidum3
1404 1198 1652 1258 etiamsi
1717 1195 1956 1256 diutius
2026 1198 2370 1277 sepositum

340 1302 482 1372 erit,
531 1319 613 1359 ne
660 1302 727 1359 in
775 1300 902 1360 duo
951 1309 1150 1360 strata
1195 1300 1469 1360 recedat.

376 1593 1009 1681 Linimentum
1071 1595 1538 1707 saponato
1558 1594 2340 1707 -camphoratum.

516 1772 795 1853 Saponis
842 1773 1139 1833 medicati
1171 1779 1381 1852 partes
1426 1774 1728 1854 sescayinta
1749 1820 2158 1831 ..........
2265 1775 2347 1831 60

693 1883 755 1936 et

516 1980 912 2058 (Iamphorae
950 1985 1156 2059 partes
1200 1981 1400 2061 viyz'ntz’
1438 2026 2158 2038 .................
2263 1979 2348 2037 20

690 2082 821 2142 leni
871 2083 1082 2142 calore
1130 2083 1307 2142 solve
1354 2084 1423 2141 in

518 2185 800 2264 Spiritus
843 2185 1116 2265 partibus
1163 2187 1494 2267 octinyentz's
1535 2186 1730 2245 decem
1750 2232 2158 2243 ..........
2219 2186 2346 2242 810

694 2296 754 2348 et

520 2391 842 2468 Glycerini
878 2392 1159 2471 partibus
1207 2393 1632 2474 quinquaqinta
1661 2438 2158 2450 ............
2264 2392 2367 2450 50.

691 2502 827 2554 tum
892 2495 1278 2554 solutionem
1336 2495 1551 2554 adhuc
1609 2496 1922 2553 calentem
1980 2492 2365 2551 infundibuli

693 2597 930 2656 obtecti
978 2617 1098 2678 ope
1146 2600 1210 2656 in
1255 2617 1371 2657 vas
1418 2597 1615 2667 filtra,
1668 2596 1840 2675 quod
1889 2596 1971 2655 ad
2020 2594 2365 2674 perfectum

692 2700 1100 2760 linimentum
1171 2701 1559 2760 servandum
1611 2700 2045 2769 destinaveris,
2115 2696 2366 2766 deinde,

695 2804 1034 2863 admixtis·

519 2905 662 2965 Olei
709 2907 940 2984 Thymi
977 2907 1253 2987 partibus
1300 2913 1577 2990 quattuor
1619 2953 2201 2965 ..............
2309 2905 2366 2975 4,

519 3008 662 3068 Olei
712 3010 1073 3069 Rosmarini
1108 3010 1386 3090 partibus
1431 3031 1530 3070 331·
1573 3055 2199 3067 ...............
2307 3008 2366 3067 6.

520 3111 816 3191 Liquoris
850 3114 1163 3172 Ammonii
1198 3113 1457 3173 caustici
1495 3113 1765 3191 smm‘c'bns
1797 3112 2215 3192 qvae’sr(sttcaeyt'tzl(c
2263 3111 2366 3172 50,

696 3216 980 3275 celeriter
1026 3215 1350 3291 refrigera.

432 3317 528 3377 Sit
574 3318 801 3377 coloris
845 3338 1050 3398 paene
1094 3338 1340 3399 expers,
1389 3319 1670 3399 paullum
1717 3318 2104 3397 opalesvvns.
2146 3334 2365 3372 munus

347 3420 555 3480 calore
603 3419 786 3481 facile
835 3422 1210 3502 liquescens
