2808 3996
1447 271 1548 342 50

481 458 689 510 catum
724 451 1183 530 contemplanti
1217 451 1658 529 crystallinum
1693 469 1826 510 esse
1859 455 2142 529 apparet.
2222 449 2501 510 Catechu

480 561 572 612 est
604 553 846 631 saporis
881 553 1392 630 constringentiS,
1427 551 1771 623 subamari,
1805 559 2126 631 postremo
2154 552 2498 612 subdulcis.

479 652 637 713 Cum
670 654 944 733 Spiritus
963 653 1243 734 partibus
1283 655 1477 714 decem
1512 663 1759 713 coctum
1807 654 1891 714 ad
1936 655 2251 733 liquorem
2296 654 2502 733 limpi-

480 756 633 816 dum
681 756 907 815 coloris
954 755 1228 835 perfusci
1274 758 1362 816 ita
1408 756 1700 827 solvitur,
1749 762 1822 815 ut
1869 776 1948 815 ex
1986 761 2209 816 centum
2228 755 2505 835 partibus

477 876 609 915 non
631 860 836 936 magis
854 878 1046 937 quam
1071 859 1395 940 quindecim
1416 866 1809 919 remaneant.
1881 857 1976 930 Id,
2002 858 2177 937 quod
2203 856 2503 917 filtrando

479 958 778 1031 effeceris,
834 959 1277 1039 refrigeratum
1333 972 1394 1020 et
1425 960 1704 1040 partibus
1757 965 1981 1021 centum
2028 960 2298 1040 Spiritus
2346 960 2504 1020 dilu-

475 1071 631 1132 tum,
683 1061 902 1122 addito
934 1063 1123 1122 Ferro
1161 1062 1664 1142 sesquichlorato
1699 1063 1976 1122 colorem
2005 1062 2277 1122 viridem
2311 1062 2501 1121 ducit.

478 1162 760 1224 Catechu
830 1185 972 1223 cum
1034 1164 1260 1244 Aquae
1316 1164 1594 1245 partibus
1658 1166 1852 1225 decem
1922 1165 2004 1226 ad
2069 1164 2505 1225 ebulliendum

476 1263 893 1326 fervefactum
924 1267 1237 1346 liquorem
1272 1267 1383 1327 dat
1412 1267 1769 1338 turbidum,
1817 1267 2059 1326 laccam
2092 1268 2293 1327 musci
2322 1266 2506 1326 rube-

476 1364 841 1439 facientem‚
914 1371 1024 1448 qui
1091 1367 1499 1449 refrigeratus
1560 1371 1788 1429 iterum
1857 1369 2179 1440 turbatum
2247 1369 2504 1440 residui,

478 1471 687 1530 calore
749 1471 911 1530 1000
965 1473 1205 1543 siccati,
1264 1474 1472 1532 minus
1519 1483 1846 1532 remaneat
1891 1491 2087 1551 quam
2150 1491 2229 1532 ex
2283 1477 2503 1532 centum

463 1572 744 1652 partibus
827 1574 1167 1655 quindecim.
1286 1574 1571 1634 Catechu
1647 1574 2050 1635 combustum
2136 1575 2361 1634 cineris
2429 1593 2508 1632 ne

476 1676 684 1754 magis
730 1694 926 1755 quam
970 1695 1072 1737 sex
1119 1695 1198 1736 ex
1230 1676 1510 1756 partibus
1555 1683 1781 1738 centum
1825 1677 2166 1757 relinquat.

1211 1877 1466 1966 Cera
1527 1879 1764 1966 alba.

568 2042 725 2102 Cera
758 2045 974 2122 apium
1008 2041 1350 2113 albefacta,
1402 2044 1610 2103 calore
1644 2045 1892 2103 circiter
1927 2043 2050 2103 640
2082 2043 2167 2104 ad
2197 2042 2508 2123 liquorem

480 2145 705 2204 coloris
778 2152 1102 2225 expertem
1170 2145 1546 2224 liquescens.
1660 2145 1819 2206 Cera
1881 2165 2045 2226 pura
2108 2147 2177 2205 in
2232 2144 2510 2225 partibus

479 2247 709 2308 duabus
756 2248 1044 2326 Spiritus,
1096 2267 1238 2307 cum
1274 2247 1552 2327 partibus
1596 2253 1811 2328 septem
1857 2248 2083 2327 Aquae
2131 2249 2505 2319 commixtis,

481 2350 711 2410 deinde
760 2351 968 2409 calore
1020 2350 1141 2409 150
1194 2352 1513 2429 sepositis,
1565 2350 1770 2410 donec
1815 2371 2037 2411 omnes
2084 2351 2301 2411 bullae
2348 2353 2509 2411 aeris

477 2452 628 2512 inde
693 2454 1092 2523 evanuerint,
1163 2453 1406 2532 pendet
1463 2453 1570 2511 vel
1626 2454 1693 2512 in
1740 2452 1951 2513 medio
2008 2473 2317 2533 suspensa
2369 2472 2508 2533 per-

479 2562 721 2625 manet,
794 2557 872 2625 si,
945 2554 1134 2634 Aqua
1189 2554 1442 2626 addita,
1506 2555 1761 2635 pondus
1818 2554 2184 2635 specificum
2239 2555 2509 2637 Spiritus

482 2658 664 2718 diluti
695 2659 762 2716 in
798 2657 983 2727 0‚965
1015 2658 1098 2718 ad
1135 2658 1322 2727 O,975
1355 2669 1612 2717 auctum
1649 2659 1781 2717 erit.
1850 2658 2187 2737 Pigmento
2222 2667 2506 2738 except0‚

481 2759 640 2820 Cera
687 2760 863 2830 alba,
913 2759 1087 2839 quod
1121 2761 1346 2819 attinet
1393 2761 1477 2820 ad
1508 2761 1600 2820 rei
1632 2768 1961 2830 naturam,
2014 2760 2270 2821 easdem
2308 2762 2508 2840 quali-

479 2869 640 2922 tates
711 2862 1053 2932 chemicaS‚
1125 2880 1285 2940 quas
1364 2861 1524 2922 Cera
1598 2860 1796 2933 flava,
1874 2862 2170 2942 praebet3
2248 2862 2508 2923 odorem

479 2965 815 3025 rancidum
860 2983 941 3024 ne
989 2963 1263 3024 exhalet.

1202 3151 1455 3239 Cera
1522 3152 1792 3239 flava.

568 3315 779 3375 Massa
822 3313 1018 3385 flava,
1066 3313 1300 3394 frigore
1346 3314 1690 3374 fracturam
1733 3316 2170 3395 granulosam,
2220 3336 2505 3396 opacam,

481 3436 613 3476 non
660 3417 1097 3496 crystallinam
1144 3418 1485 3495 praebenS,
1537 3418 1745 3477 calore
1795 3417 1874 3478 63
1911 3418 1997 3478 ad
2032 3419 2153 3477 640
2194 3419 2277 3478 ἃᾶ
2307 3420 2506 3497 liquo-
