2808 3996
1392 237 1472 289 IX

423 412 663 477 iterum
720 415 1174 476 convocatum
1228 408 1322 486 id,
1379 408 1564 495 quod
1619 408 2021 472 mandatum
2078 416 2243 486 erat,
2292 407 2436 495 jam

422 566 491 609 re
545 565 704 626 vera
758 542 846 607 ad
899 541 1109 606 finem
1162 539 1497 629 perduxit.

579 808 836 890 Quibus
899 776 1052 872 {siris
1117 805 1365 872 diutius
1429 806 1944 894 accuratiusque
2015 804 2440 870 consideran-

423 943 633 1021 tibus,
687 941 1245 1029 Phar-macopoea
1284 938 1684 1005 Germanica
1740 961 1875 1027 qua
1917 938 2176 1004 ratione
2215 961 2441 1004 emen-

425 1074 566 1141 dari
629 1084 697 1140 et
755 1072 1088 1139 recenseri
1151 1072 1458 1151 deberet,
1531 1093 1687 1137 cum
1749 1065 1990 1150 multa,
2062 1079 2211 1136 tum
2252 1070 2441 1154 vhaec

425 1207 721 1274 maxime
784 1206 987 1296 digna
1046 1205 1193 1271 visa
1256 1215 1440 1284 sunt,
1514 1227 1690 1293 quae
1754 1226 2112 1293 nunquam
2171 1226 2313 1270 non
2372 1204 2441 1269 in

426 1350 802 1434 conspectu
855 1340 1282 1405 haberentur.

577 1474 810 1563 Atque
846 1472 1140 1563 primum
1180 1472 1454 1560 quidem
1495 1511 1589 1517 —-
1628 1471 1945 1559 inquiunt
1984 1510 2077 1516 ———
2117 1471 2443 1537 intellexi-

427 1631 606 1687 muS,
675 1629 780 1673 res
845 1606 1122 1672 easdem
1184 1604 1422 1670 iisdem
1485 1617 1753 1692 semper
1809 1603 2157 1668 vocabulis
2215 1604 2444 1692 appel-

426 1742 664 1808 landas
738 1737 1290 1827 singulorumque
1361 1746 1762 1825 argumenta
1834 1736 2133 1824 capitum
2205 1737 2443 1802 eadem

426 1874 685 1940 ratione
723 1871 1148 1961 disponenda
1187 1891 1355 1936 esse.
1439 1869 1637 1950 Quod
1677 1891 1832 1934 cum
1869 1891 2274 1958 persuasum
2327 1870 2444 1935 ha-

428 2008 767 2084 be1·emUS‚
847 2003 917 2069 in
987 2003 1264 2092 singulis
1333 2002 1845 2069 medicamentis
1915 2002 2282 2068 tractandis
2352 2002 2444 2068 ita

429 2161 696 2228 semper
738 2136 1220 2227 processimUS,
1284 2145 1362 2201 ut
1413 2135 1631 2225 priore
1677 2135 2007 2224 cujusque
2054 2136 2288 2225 capitis
2326 2159 2446 2225 pa·
2499 2163 2502 2166 ·

428 2270 797 2361 ragrapho2
840 2269 1085 2358 quibus
1140 2269 1318 2334 notis
1377 2278 1445 2334 et
1496 2268 1753 2334 indiciis
1797 2269 2118 2357 quodque
2156 2270 2445 2334 medica-

431 2414 740 2470 mentum
777 2401 1170 2491 insignitum
1210 2410 1416 2480 esset,
1474 2423 1963 2480 enar1·aremuS‚
2020 2401 2252 2480 altera,
2310 2423 2446 2490 qua

432 2548 697 2615 natura,
752 2535 1070 2625 puritate,
1128 2534 1452 2600 similibus
1509 2557 1658 2600 esse
1714 2543 2069 2624 oporteret.
2146 2534 2223 2599 In
2279 2545 2447 2599 trac-

431 2670 655 2737 tandis
695 2668 1090 2734 substantiis
1130 2667 1348 2734 crudis
1380 2668 1670 2734 eandem
1706 2667 2038 2733 rationem
2082 2667 2444 2733 tenuimus,

435 2803 695 2892 Capita,
753 2823 929 2889 quae
986 2801 1073 2866 ad
1118 2809 1331 2865 artem
1372 2800 1747 2866 chemicam
1783 2800 2149 2889 pertinent,
2206 2800 2298 2866 ita
2350 2800 2448 2866 in-

436 2934 803 3012 stituimus⁷
866 2943 968 3012 ut,
1030 2932 1215 2998 initio
1279 2931 1460 2998 facto
1523 2956 1563 2998 a
1624 2933 1926 3011 nomine,
1999 2934 2179 3021 quod
2244 2933 2446 3021 vulgo

437 3076 824 3156 usurpatur,
882 3065 935 3130 si
978 3086 1082 3130 res
1126 3064 1527 3154 postularet,
1584 3066 1668 3130 ad
1723 3075 2161 3153 praeceptum
2216 3089 2448 3153 perge-

437 3222 689 3278 remus,
754 3221 890 3286 quo
954 3198 1158 3263 modo
1225 3197 1317 3276 id,
1389 3198 1472 3263 de
1535 3220 1670 3286 quo
1729 3198 2093 3285 quaeritur,
2161 3198 2447 3263 medica-

439 3341 746 3410 mentum
784 3330 1001 3419 parari
1040 3338 1403 3418 oporteret3
1460 3329 1699 3394 deinde
1748 3329 2213 3417 exposuimus,
2272 3352 2445 3416 quac

441 3463 585 3549 ejus
643 3471 872 3527 essent
924 3460 1367 3556 proprietates
1411 3470 1549 3525 tam
1590 3460 1911 3548 physicae
1954 3484 2155 3547 quam
2200 3461 2445 3524 chomi-

2058 3568 2082 3599 B
