2808 3996
1330 284 1445 393 ,93

376 470 598 532 tratae,
649 481 812 542 quae
853 481 931 522 ex
961 461 1246 521 Extraeti
1279 460 1422 540 Opii
1457 461 1808 543 qrammatz's
1853 460 2035 522 tribus
2081 469 2142 521 et
2173 459 2396 540 Aquae

370 566 722 647 yrammatis
767 564 1166 647 quadrayinta
1211 562 1442 624 duobus
1489 571 1763 635 constat,
1813 563 2093 624 admisce
2126 564 2396 644 Spiritus

371 672 716 748 qrammata
778 666 1002 741 decem,
1068 664 1364 724 Aetheris
1426 665 1647 742 decem,
1718 665 2011 744 Liquoris
2078 666 2396 725 Ammonii

378 770 641 828 eaustici
673 787 872 828 unum.
942 766 1080 826 Vas
1111 766 1524 826 vehementer
1555 774 2046 846 conquassatum
2081 767 2306 826 claude
2340 775 2400 825 et

377 870 587 930 calore
646 870 725 930 10
775 869 861 929 ad
911 870 1032 929 150
1085 870 1152 928 in
1215 869 1410 929 horas
1467 868 1806 929 duodecim
1859 870 1950 928 ita
2013 887 2272 949 sepone,
2331 877 2401 927 ut

378 974 631 1053 saepius
693 990 1095 1052 oonquasses.
1198 970 1335 1047 Quo
1395 971 1642 1050 liquore
1697 973 1765 1030 in
1816 969 2055 1030 filtrum
2107 990 2397 1051 parvum,

379 1074 590 1134 calore
652 1075 817 1134 1000
877 1075 1181 1134 siccatum
1236 1081 1297 1133 et
1349 1075 1590 1133 trutina
1646 1074 2110 1143 examinatum,
2170 1071 2398 1142 infuse,

380 1175 681 1255 crystalla
728 1178 795 1235 in
842 1194 915 1236 eo
960 1178 1358 1235 remanentia
1403 1174 1504 1235 bis
1537 1175 1674 1234 elue
1706 1177 1983 1234 mixtura
2017 1194 2096 1233 ex
2128 1174 2401 1253 Spiritus

381 1277 594 1348 diluti,
663 1278 912 1357 Aquae,
977 1276 1275 1337 Aetheris
1330 1277 1725 1356 singulorum
1767 1277 2119 1358 yrammatezs·
2175 1275 2403 1336 (luobus

380 1381 735 1459 composita
782 1387 843 1439 et
889 1379 1097 1438 ealore
1134 1380 1296 1439 1000
1342 1380 1525 1439 sicea.
1616 1378 1896 1454 Quorum
1926 1378 2180 1459 pondus
2212 1397 2292 1436 ne
2322 1379 2402 1437 sit

379 1483 587 1541 minus
631 1501 827 1561 quam
869 1486 1275 1563 yrammatum
1321 1479 1490 1558 0,34.

468 1586 668 1643 Caute
713 1591 1014 1644 servetur.

734 1700 923 1759 Dosis
971 1699 1248 1759 maxima
1296 1699 1551 1777 singula
1597 1703 1756 1776 0,15.

735 1802 924 1862 Dosis
972 1801 1248 1862 maxima
1292 1821 1408 1882 pro
1456 1802 1556 1861 die
1601 1805 1721 1879 0,5.

832 2224 1388 2310 Extractum
1450 2224 1949 2329 Quassiae.

563 2401 748 2479 Ligni
797 2401 1116 2473 Quassiae
1150 2406 1389 2480 partem
1435 2421 1616 2462 unam
1696 2449 2277 2460 ..............
2347 2404 2400 2461 l.

561 2509 779 2583 Aquae
824 2503 1187 2566 ebullientis
1217 2503 1494 2584 partibus
1540 2505 1792 2585 quinque
1829 2551 2278 2563 ...........
2342 2506 2378 2559 ι’)

736 2605 1161 2686 superfusam,
1233 2626 1348 2686 per
1416 2605 1607 2666 horas
1677 2627 1787 2665 sex
1858 2606 2089 2682 ‹lig-ere.
2205 2604 2291 2673 ld,

734 2707 905 2788 quod
958 2708 1200 2787 liquore
1248 2725 1546 2787 expresso
1594 2709 1914 2778 restiterit,

563 2813 780 2889 Aquae
826 2809 1184 2868 ebullientis
1223 2809 1495 2888 partibus
1540 2811 1793 2891 quinque
1831 2857 2278 2868 ...........
2342 2811 2378 2866 5

739 2912 962 2970 iterum
1006 2910 1426 2990 superfusum,
1477 2930 1591 2990 per
1626 2910 1818 2970 horas
1865 2919 1992 2970 tres
2039 2929 2290 2989 sepone,

739 3021 871 3072 tum
922 3013 1222 3092 exprime.

473 3116 777 3195 Liquores
835 3116 1066 3174 mixtos
1123 3113 1531 3194 evaporando
1596 3112 1678 3173 ad
1744 3113 2109 3174 Extractum
2169 3112 2399 3171 sieenun

388 3217 621 3294 redige.

475 3320 571 3379 Sit
618 3318 885 3387 fuscum,
936 3319 998 3377 in
1049 3317 1233 3396 Aqua
1279 3315 1532 3377 turbide
1580 3315 1866 3376 solubile.
