2808 3996
1387 291 1539 368 240

456 474 740 552 geminas
774 471 1117 531 albuminis
1143 471 1374 538 cornei,
1402 467 1635 549 Amylo
1662 470 1937 529 carentis
1963 467 2167 528 dividi
2190 473 2476 548 possunt,

456 595 621 654 quae
670 574 829 634 duas
875 580 1096 632 tenues
1146 571 1556 650 cotyledones
1589 570 1944 631 millc'metros
1974 571 2226 651 quinque
2253 571 2480 648 longas

457 684 518 737 et
577 676 935 736 radiculam
999 676 1317 734 clavatam
1380 671 1740 732 includunt.
1853 672 2114 733 Semina
2177 671 2482 751 Strychni

454 786 605 838 sunt
650 779 896 857 saporis
946 776 1343 835 amarissimi.

632 881 832 939 Caute
878 884 1180 938 servetur.

804 995 996 1054 Dosis
1042 994 1322 1053 maxima
1369 994 1623 1071 singula
1669 998 1786 1068 0‚1.

805 1096 998 1157 Dosis
1046 1096 1324 1155 maxima
1368 1115 1484 1175 pro
1532 1096 1635 1155 die
1683 1100 1798 1172 092.

1246 1283 1679 1396 Species.

541 1448 978 1517 Substantiae‚
1027 1465 1192 1526 quae
1226 1445 1310 1505 ad
1344 1446 1598 1525 Species
1645 1446 1972 1525 parandas
2021 1446 2473 1517 adhibeantur,

456 1549 847 1610 concidendo
880 1550 985 1608 vel
1014 1548 1338 1627 raspando
1371 1549 1476 1607 vel
1511 1548 1960 1607 coi‘itundendo
1985 1568 2178 1626 quain
2206 1550 2480 1608 maxime

455 1653 804 1733 aequaliter
860 1649 1384 1710 comminuendae
1439 1658 1601 1710 sunt.
1706 1650 1923 1709 Pulvis
1979 1650 2270 1710 subtilior
2316 1670 2481 1710 com-

454 1754 798 1815 minuendo
848 1761 1097 1812 coortus
1143 1759 1564 1811 removeatur.

539 1858 615 1916 In
648 1856 991 1936 Speciebus
1024 1853 1393 1924 miscendiS‚
1438 1875 1516 1914 ex
1547 1855 1781 1933 quibus
1812 1854 2033 1915 Infusa
2063 1856 2167 1914 vel
2198 1856 2477 1915 Decocta

453 1967 786 2040 parentur,
846 1957 1055 2016 cribra
1109 1956 1453 2016 fenestellis
1509 1956 1861 2018 ‘lleillz’metros
1914 1963 2191 2039 quattuor
2244 1958 2329 2017 ad
2382 1978 2484 2019 sex

454 2063 598 2121 latis
631 2063 937 2120 instructa
980 2059 1438 2129 adhibeantu1·;
1489 2079 1593 2118 eas
1641 2067 1880 2130 autem,
1915 2079 2078 2138 quac
2113 2060 2193 2119 ad
2231 2061 2479 2140 replen-

455 2165 569 2224 dos
616 2163 915 2243 pulvinos
963 2161 1531 2221 medicamentosos
1576 2163 1720 2221 usui
1752 2169 1926 2232 sunt,
1973 2182 2093 2241 ope
2126 2163 2480 2223 cribrorum

454 2266 795 2325 fenestellis
842 2263 1195 2324 millimetros
1241 2264 1391 2324 duos
1423 2263 1505 2323 ad.
1539 2269 1653 2324 tres
1684 2265 1830 2323 latis
1862 2266 2314 2324 instructorum
2345 2286 2479 2326 suc-

455 2387 707 2427 cernere
770 2367 947 2426 velis.
1058 2365 1163 2425 Ad
1220 2367 1683 2445 cataplasmata
1735 2366 2029 2446 paranda
2084 2367 2337 2446 Species
2396 2368 2480 2428 ad

452 2471 783 2551 pulverem
830 2487 1121 2547 grossum
1165 2467 1554 2547 redigendae
1600 2475 1764 2529 sunt.

928 2656 1334 2769 Species
1395 2658 1999 2744 aromaticae.

631 2819 955 2878 Foliorum
1000 2819 1296 2878 Menthae
1340 2818 1648 2898 piperitae
1680 2825 1892 2898 partes
1937 2820 2089 2882 duas
2123 2870 2355 2883 ......
2415 2825 2477 2900 2,

629 2923 880 2980 Herbae
928 2920 1213 3000 Serpylli
1249 2926 1457 3000 partes
1503 2922 1655 2982 duas
1681 2969 2354 2983 ................
2415 2927 2477 3002 2,

629 3024 879 3082 Herbae
927 3023 1162 3101 Thymi
1194 3029 1405 3102 partes
1458 3024 1610 3084 duas
1637 3072 2353 3085 .................
2414 3030 2477 3104 2,

630 3125 889 3184 Florum
936 3125 1349 3184 Lavandulae
1381 3131 1590 3205 partes
1637 3127 1786 3187 duas
1814 3175 2352 3187 .............
2414 3131 2476 3206 2,

630 3226 1208 3305 Caryophyllomlm
1245 3233 1480 3307 partem
1525 3247 1706 3288 unam
1724 3276 2352 3289 ...............
2418 3235 2476 3307 1,

630 3330 1032 3388 Cubebarum
1063 3334 1304 3409 partem
1344 3349 1526 3390 unam
1543 3376 2351 3391 ...................
2417 3336 2452 3393 1

453 3431 662 3490 misce.
