2808 3996
1361 265 1505 337 291

522 438 624 499 Ad
679 439 1055 503 Trochiscos
1110 446 1465 505 cacaotinos
1518 447 1839 526 parandos
1894 468 2165 508 massam
2221 470 2432 511 cacao-

434 543 658 614 tinam,
730 562 809 603 ex
850 544 1127 624 partibus
1180 546 1517 628 aequalibus
1571 548 1772 609 Cacao
1827 558 1887 610 et
1940 551 2236 611 Sari-llari
2294 572 2433 612 con-

435 653 731 718 stantem,
786 647 853 706 in
919 645 1149 707 balneo
1193 650 1450 728 vaporis
1496 650 1831 730 liqueface,
1896 652 2149 733 ejusque
2195 663 2433 713 tantam

433 750 786 829 portionem
833 769 975 809 cum
1008 750 1450 812 medicamenti
1491 755 1673 833 copia
1705 753 2071 813 adhibenda
2105 754 2436 834 diligenter

435 853 796 924 commisce,
887 860 960 912 ut
1004 854 1398 932 singulorum
1475 854 1958 916 Trochiscorum
2033 857 2281 937 pondus
2357 860 2437 918 sit

428 956 781 1036 yrammatz's
854 956 1039 1016 vanius.
1135 955 1186 1015 E
1246 977 1457 1017 massa
1530 958 2059 1039 semirefrigerata
2135 959 2437 1019 formetur

433 1057 923 1118 Trochiscorum
970 1079 1286 1131 numeruS,
1336 1062 1446 1139 qui
1490 1063 1847 1140 requiritur.

899 1439 1401 1526 Trochisci
1464 1441 1973 1527 Santonini.

518 1602 847 1663 Trochisci
924 1603 1034 1681 qui
1109 1603 1345 1681 singuli
1423 1605 1784 1663 contineant
1836 1604 2168 1664 Santonini
2238 1625 2435 1686 yram-

433 1712 593 1767 mata
633 1705 845 1783 0,025.

1014 2015 1396 2102 Tubera
1455 2015 1855 2101 Aconiti.

517 2179 772 2241 Tubera
823 2177 1220 2259 rapiformia,
1278 2198 1442 2258 quae
1498 2178 1681 2238 offert
1736 2178 2062 2238 Aconitnm
2118 2178 2435 2257 Napellus,
2510 2162 2512 2164 ⁵

426 2272 826 2366 yrammatzcm
868 2283 1115 2342 circiter
1153 2301 1253 2343 sex
1291 2281 1597 2362 pondere3
1645 2283 1709 2341 in
1751 2283 2067 2361 superiore
2107 2290 2283 2360 parto
2325 2282 2434 2340 cir-

433 2388 585 2447 citer
629 2387 984 2447 centz'metros
1031 2404 1346 2445 summum
1386 2385 1503 2445 duo
1544 2404 1772 2455 crassa,
1815 2386 2167 2444 cente'metros
2205 2389 2315 2443 tres
2354 2381 2433 2442 ad

431 2495 558 2552 octo
588 2490 784 2569 longa
816 2497 964 2549 sunt
995 2496 1058 2549 et
1078 2488 1450 2568 plerumque
1474 2488 1817 2547 lentissime
1844 2490 1904 2547 in
1934 2489 2171 2567 apicem
2200 2486 2434 2565 simpli-

338 2655 345 2667 ,
433 2613 568 2653 cem
601 2600 950 2653 transeunt.
1042 2591 1326 2672 Superne
1353 2590 1658 2650 exhibent
1682 2589 1995 2649 residuum
2027 2590 2220 2648 caulis
2251 2589 2435 2647 breve

429 2696 534 2757 vel
579 2715 865 2777 gemmae
911 2694 1366 2774 fragmentum,
1414 2694 1481 2753 in
1528 2693 1853 2773 superficie
1895 2693 2118 2752 coloris
2161 2713 2191 2749 ο,
2235 2693 2433 2767 griseo

431 2798 616 2870 fusci,
675 2798 758 2859 ad
811 2797 1272 2877 longitudinem
1319 2795 1510 2856 valde
1558 2816 1787 2875 rugosa
1836 2795 2035 2854 crebri
2088 2795 2199 2853 lovi
2243 2815 2432 2873 appa-

430 2911 597 2973 rent,
657 2921 690 2962 e
735 2900 966 2982 quibus
1012 2899 1256 2961 radices
1302 2898 1711 2959 secundariae
1767 2907 2013 2957 exeunt.
2108 2896 2295 2956 'sclav
2347 2898 2431 2954 in-

431 3006 675 3065 terioris
743 3003 997 3064 albidae
1067 3002 1345 3063 fractura
1415 3011 1508 3063 est
1574 3001 1851 3061 farinosa
1910 3000 2012 3059 vel
2074 2999 2428 3077 granulosa.

431 3107 686 3168 Tubera
732 3116 880 3167 sunt
925 3107 1167 3186 saporis
1215 3107 1400 3177 acriS,
1451 3105 1953 3183 constringentis.

609 3212 807 3270 Caute
853 3218 1196 3269 serventur.

784 3326 972 3387 Dosis
1020 3325 1293 3385 maxima
1340 3324 1589 3401 singula
1642 3328 1757 3398 0,1.

783 3429 971 3490 Dosis
1020 3428 1291 3488 maxima
1337 3448 1450 3508 pro
1499 3427 1597 3486 die
1644 3431 1759 3501 0,5.

1998 3552 2085 3596 37·
