2808 3996
1388 277 1534 347 128

1014 513 1348 599 Herba
1407 511 1906 597 Absinthii.

533 677 712 736 Folia
760 684 821 735 et
852 677 1246 745 summitates
1277 673 1599 743 florenteS,
1635 692 1799 751 quae
1832 672 2105 731 offerunt
2143 670 2480 730 Artemisia

445 779 843 838 Absinthium
900 786 960 837 et
1016 778 1283 855 agrestis
1340 784 1402 836 et
1455 776 1642 835 culta.
1736 775 1916 834 Folia
1971 772 2476 853 amplexicaulia,

444 881 759 960 triangule
822 879 1248 949 subrotunda,
1311 878 1503 956 longe
1563 868 1875 957 petiolata
1938 884 2086 935 sunt
2147 875 2480 954 tripliciter

444 986 738 1064 pinnata;
790 990 1074 1041 extrema
1104 987 1433 1060 segmenta
1464 987 1615 1038 sunt
1658 979 1976 1057 lingulata
2008 977 2113 1036 vel
2159 977 2482 1056 tripartita

446 1086 529 1146 ad
578 1086 1112 1165 quinquepartita.
1206 1083 1387 1142 Folia
1431 1081 1650 1161 petioli
1695 1079 1910 1140 media
1941 1087 2090 1138 sunt
2121 1079 2476 1158 bipinnata‚

444 1188 739 1247 bracteae
787 1188 1146 1267 superiores
1191 1184 1694 1245 inflorescentiae
1725 1181 1919 1241 valde
1950 1200 2268 1251 ramosae,
2302 1181 2477 1260 pani-

446 1291 692 1350 culatae
739 1296 887 1349 sunt
931 1308 1061 1347 non
1114 1289 1344 1368 partite
1398 1286 1813 1346 lanceolatae.
1909 1283 2103 1365 Cujus
2160 1302 2239 1342 ex
2299 1281 2477 1341 folio-

444 1413 586 1452 rum
634 1392 885 1471 angulis
933 1390 1214 1450 calathia
1260 1390 1542 1468 singula,
1577 1407 1780 1468 paene
1811 1386 2083 1466 globosa
2114 1386 2287 1445 m‘um
2318 1382 2479 1444 milli-

444 1501 763 1556 metrorum
834 1501 1155 1553 extrorsus
1221 1499 1520 1571 vergunt3
1600 1490 1836 1550 multos
1905 1487 2091 1547 flores
2153 1487 2480 1547 tubulatos

443 1597 673 1668 flavos,
722 1596 1142 1676 glandulosos
1191 1597 1538 1653 continent.
1611 1592 1791 1652 Folia
1823 1599 1885 1651 et
1915 1591 2161 1671 petioli,
2196 1609 2478 1670 praeser-

444 1702 558 1759 tim
576 1699 902 1760 Absinthii
928 1699 1220 1778 agrestis,
1255 1704 1540 1756 tomento
1566 1696 1844 1776 pilorum
1870 1694 2159 1753 mollium
2185 1693 2483 1751 investita

447 1811 611 1874 sunt,
667 1805 734 1862 in
780 1822 907 1881 quo
955 1801 1193 1860 multae
1226 1799 1573 1879 glandulae
1606 1797 1905 1857 oleiferae
1937 1797 2154 1856 latent.
2251 1794 2480 1855 Odoris

447 1913 508 1965 et
555 1891 801 1985 saporis
847 1904 1040 1964 valde
1087 1904 1435 1973 aromatici,
1485 1902 1731 1982 saporis
1778 1900 1968 1960 simul
2015 1899 2349 1979 peramari.

797 2241 1129 2326 Herba
1180 2237 1660 2325 Cannabis
1721 2235 2165 2322 Indicae.¹

534 2405 944 2465 Summitates
1001 2403 1279 2462 caulium
1348 2401 1792 2470 femineorum,
1857 2418 2020 2478 quos
2077 2397 2260 2457 offert
2316 2399 2480 2456 Can-

446 2507 625 2566 nabis
696 2506 928 2575 sativa,
1005 2506 1233 2582 Bhang
1287 2505 1545 2563 nomine
1602 2504 1669 2561 in
1726 2501 1913 2561 India
1978 2499 2477 2581 septentrionali,

445 2609 758 2669 fructibus
820 2607 1421 2677 maturescentibus,
1488 2606 1822 2675 collectae,
1893 2604 1999 2662 vel
2059 2602 2214 2662 folia
2269 2622 2348 2662 ex
2405 2621 2482 2662 ea

447 2712 748 2772 destricta
777 2730 1115 2769 verrucose
1156 2710 1420 2769 hirsuta.
1516 2708 1763 2767 Foliola
1796 2717 2066 2786 anguste
2097 2705 2478 2776 lanceolata,

446 2813 990 2874 serrato-dentata
1037 2821 1146 2871 aut
1193 2811 1486 2872 diffracta
1517 2818 1665 2870 sunt
1697 2817 1832 2880 aut,
1875 2811 1928 2869 si
1971 2829 2115 2868 cum
2154 2809 2331 2888 spica
2371 2807 2478 2868 de-

444 2916 672 2976 florata
741 2915 1179 2993 conglutinata
1250 2921 1425 2984 sunt,
1505 2914 1758 2992 glomus
1836 2912 2107 2971 densum
2179 2909 2475 2970 efficiunt.

447 3019 672 3078 Caules
726 3018 959 3096 lignosi
1016 3024 1077 3076 et
1123 3015 1366 3076 fructus
1420 3017 1620 3085 ovati,
1679 3016 1960 3084 carinati,
2019 3012 2480 3075 mz'llz‘metrorum

446 3141 761 3181 summum
795 3121 1071 3201 quinique,
1120 3121 1311 3199 pauci
1356 3118 1589 3178 adsint.
1685 3117 2007 3177 Cannabis
2053 3116 2280 3176 Indica
2312 3115 2476 3176 colo-

446 3225 531 3282 ris
578 3224 658 3282 sit
710 3224 913 3301 magis
959 3222 1182 3281 viridis
1229 3241 1422 3300 quam
1469 3219 1657 3291 fusci,
1708 3219 1924 3279 odoris
1970 3218 2215 3277 fortiter
2248 3227 2310 3279 et
2339 3238 2477 3300 spe-

450 3324 619 3384 cifice
682 3326 1039 3393 aromatici,
1103 3325 1506 3402 microscopii
1560 3342 1680 3402 ope
1737 3321 2191 3400 contemplanti
2244 3321 2478 3381 multas

448 3426 788 3506 glandulas
836 3425 1126 3485 oleiferas
1172 3428 1239 3485 in
1289 3432 1699 3505 conspectum
1732 3424 1857 3484 det.
1953 3423 2214 3503 Saporis
2245 3424 2473 3483 tenuis.
