2808 3996
1324 228 1412 297 21

354 407 632 477 obtecta,
696 407 763 466 in
812 405 1090 487 partibus
1146 403 1288 481 10,5
1334 404 1558 484 Aquae
1620 405 1948 477 solubilia,
2014 407 2081 465 in
2137 405 2373 485 Spiritu

352 526 485 567 non
542 507 858 567 solubilia.
961 507 1036 566 In
1101 507 1417 566 solutione
1475 526 1741 586 aquosa,
1816 526 1977 586 quae
2036 509 2374 566 reactionis

354 609 577 669 acidae
624 612 998 690 saporisque
1053 609 1408 680 subdulcis,
1465 610 1657 669 valde
1715 611 2207 688 constringentis
2265 616 2373 679 est,

352 710 588 790 Liquor
618 712 806 772 Natri
853 713 1112 770 caustici
1158 711 1581 770 sedimentum
1631 710 1821 770 efficit
1862 711 2107 779 album,
2158 712 2375 790 gelati-

352 832 609 885 nosum,
667 813 869 893 quod,
926 815 981 873 si
1027 813 1364 892 Liquorem
1411 813 1596 872 Natri
1644 814 1904 873 caustici
1962 812 2218 872 abunde
2267 813 2375 871 ad-

356 914 624 988 dideris,
683 916 978 986 solvitur,
1036 915 1379 974 Ammonio
1430 915 1718 974 chlorato
1767 915 2056 975 admixto
2114 916 2182 973 in
2231 934 2375 973 con-

354 1026 642 1098 spectum
689 1018 874 1078 redit.

443 1120 691 1181 Solutio
741 1140 983 1200 aquosa
1025 1121 1298 1196 (1:20)
1325 1119 1512 1199 Aqua
1544 1118 2073 1199 hydrosulfurata
2115 1139 2196 1178 ne
2243 1139 2375 1178 inu-

353 1230 548 1294 tetur,
584 1222 915 1283 Solutione
945 1223 1117 1282 Kalii
1151 1221 1606 1301 ferro-cyanati
1635 1221 1788 1282 flavi
1821 1222 2071 1303 adjecta
2105 1222 2374 1280 colorem

355 1325 840 1385 subcaeruleum
878 1344 961 1383 ne
1011 1325 1204 1384 ducat
1250 1326 1375 1383 nisi
1423 1326 1801 1383 circumacto
1837 1331 2125 1383 sextante
2158 1324 2374 1383 horae.

355 1428 816 1498 Sedimentum,
845 1428 1054 1486 calore
1082 1428 1246 1486 aeris
1269 1427 1544 1505 Liquere
1568 1426 1756 1486 Natri
1782 1427 2041 1485 caustici
2069 1425 2375 1497 effectum,

355 1532 407 1591 si
465 1530 738 1590 eundem
806 1531 876 1588 in
932 1548 1192 1588 excessu
1254 1529 1609 1599 addideris,
1680 1529 2045 1599 resolvitur,
2119 1528 2378 1588 odorem

354 1633 682 1692 Ammonii
751 1651 883 1692 non
954 1631 1291 1702 exhalans3
1363 1650 1527 1710 quae
1597 1630 1827 1690 solutio
1883 1630 2071 1711 Aqua
2140 1630 2377 1709 hydro-

354 1733 666 1796 sulfurata
713 1754 794 1794 ne
839 1733 1147 1806 turbetur.

975 1939 1380 2025 Alumen
1440 1939 1778 2025 ustum.

442 2103 764 2164 Aluminis
824 2102 1145 2183 pulverati
1192 2108 1404 2182 partes
1465 2107 1715 2178 centum,
1787 2104 2060 2162 tenuiter
2130 2109 2376 2170 strataS,

358 2207 566 2266 calore
634 2207 751 2266 500
810 2214 945 2264 tam
1009 2204 1119 2264 diu
1181 2206 1373 2275 sicca,
1443 2204 1647 2263 donec
1690 2210 1899 2284 partes
1962 2205 2088 2264 fere
2150 2206 2381 2285 ίνὶρίηία

357 2309 659 2389 ponderis
707 2309 1058 2377 amiserint,
1115 2314 1252 2366 tum
1299 2308 1366 2366 in
1413 2308 1703 2386 patinam
1743 2308 2234 2386 porcellanicam
2268 2308 2378 2364 iin-

358 2414 583 2471 missas
629 2412 698 2470 in
744 2410 978 2470 balneo
1027 2429 1283 2480 arenae,
1342 2416 1649 2489 perpetuo
1696 2411 2111 2489 permiscens,
2175 2409 2380 2466 calore

365 2515 529 2574 160Ο
590 2533 722 2573 non
783 2512 1128 2572 excedente
1175 2510 1514 2582 ferveface,
1575 2512 1789 2590 quoad
1844 2511 2081 2571 residui
2129 2510 2380 2590 pondus

357 2637 488 2678 non
534 2618 615 2677 sit
662 2616 939 2696 amplius
988 2634 1180 2695 quam
1215 2615 1486 2694 partium
1533 2614 1955 2696 quinquaqinta
2001 2614 2265 2695 quinque.

448 2720 543 2780 Sit
588 2719 802 2799 pulvis
850 2718 1063 2790 albus,
1113 2718 1243 2777 leni
1292 2716 1520 2776 ardore
1567 2737 1648 2776 nc
1680 2717 1824 2796 plus
1856 2716 2157 2795 ponderis
2190 2735 2379 2794 quam

359 2825 427 2883 in
497 2828 720 2883 centum
771 2820 1049 2901 partibus
1105 2821 1297 2880 decem
1362 2821 1637 2890 amittat,
1713 2821 1777 2877 in
1837 2818 2057 2897 Aquae
2109 2817 2382 2898 partibus

357 2927 558 3008 vz'yz'ntz‘
599 2927 851 3007 quinque
897 2924 1090 2994 lente,
1141 2922 1252 2982 sed
1300 2921 1567 3002 limpide
1614 2922 1916 2981 solvatur.

772 3112 1337 3199 Aluminium
1401 3111 1975 3197 sulfuricum.

447 3278 675 3338 Frusta
699 3277 865 3346 alba,
906 3276 1292 3352 crystallina,
1331 3275 1394 3333 in
1416 3274 1638 3352 Aquae
1669 3273 1935 3348 frigidae
1955 3270 2222 3350 partibus·
2263 3271 2378 3346 m,

363 3383 423 3441 in
470 3382 655 3459 Aqua
705 3377 944 3438 fervida
1001 3378 1197 3436 multo
1249 3377 1494 3435 facilius
1543 3374 1863 3446 solubilia,
1919 3376 1975 3432 iu
2011 3375 2244 3453 Spiritu
2297 3375 2378 3430 iu-
