2808 3996
1295 281 1442 351 153

359 456 468 516 dit.>
562 455 833 527 solutio,
893 455 995 515 his
1042 458 1237 535 guttis
1283 458 1582 530 liberata,
1643 459 1929 520 admixto
1977 462 2237 533 Bmmo,
2295 483 2385 522 se-

356 557 709 616 dimentum
773 557 1044 617 demittit
1098 560 1492 619 resinaceum
1557 562 1786 621 coloris
1851 582 1883 621 e
1944 563 2138 623 rubro
2197 564 2382 635 susci3

350 662 698 738 perexiguo
745 660 935 720 Ferro
984 662 1490 740 sesquichlorato
1541 663 1791 736 addim,
1860 671 1921 724 et
1974 665 2271 726 turbatur
2327 674 2388 727 et

353 762 631 820 colorem
679 782 711 821 e
759 763 966 841 griseo
1004 763 1279 823 viridem
1322 772 1432 823 aut
1465 767 1852 837 caeruleum,
1903 766 2085 826 brevi
2128 786 2384 828 evanes-

353 872 598 923 centem
653 865 881 936 trahit,
937 872 1261 945 postremo
1316 867 1528 927 lurida
1585 867 1682 939 fit,
1741 868 2042 929 flocculos
2099 869 2384 951 ejusdem

350 966 579 1025 coloris
629 966 953 1048 dejiciens.
1293 975 1298 980 ’

435 1068 843 1140 Kreosotum‚
879 1076 1063 1150 parte
1112 1071 1350 1153 aequali
1390 1072 1683 1151 Liquoris
1729 1073 1918 1133 Natri
1959 1076 2221 1134 caustici
2273 1075 2382 1134 ad-

349 1169 509 1241 dita,
559 1173 929 1231 mixtionem
978 1173 1319 1253 limpidam
1366 1175 1703 1254 praebeat,
1754 1195 1917 1255 quae
1965 1196 2168 1256 neque
2217 1178 2382 1236 colo-

346 1292 481 1331 rem
529 1274 872 1334 obscurum
921 1275 1114 1335 ducat
1159 1296 1303 1349 nec,
1363 1278 1566 1338 multa
1611 1278 1801 1358 Aqua
1849 1280 2079 1350 diluta,
2138 1300 2382 1340 massas

344 1377 586 1454 piceas,
645 1375 918 1437 foetidas
969 1380 1267 1458 expellat.
1323 1380 1569 1452 ·Idem‚
1629 1401 1774 1440 cum
1819 1380 2105 1442 volumine
2151 1382 2387 1463 aequali

346 1477 620 1537 Collodii
669 1491 1192 1559 conquassatum,
1242 1502 1323 1541 ne
1362 1484 1430 1541 in
1478 1484 1827 1562 gelatinam
1871 1491 2175 1543 vertatur.
2266 1485 2381 1544 Vo-

345 1579 565 1641 lamma
626 1582 744 1642 duo
799 1583 1117 1654 Kreosoti
1195 1604 1337 1643 cum
1400 1585 1786 1646 volmm'mbus
1840 1587 2038 1667 vz‘yz'ntc'
2088 1587 2381 1666 Liquoris

342 1671 669 1742 Ammonii
726 1686 989 1745 caustici
1037 1695 1491 1765 conquassata,
1550 1708 1631 1746 ne
1678 1689 1824 1768 plus
1872 1707 2068 1768 quam
2115 1689 2381 1750 volumen

343 1784 646 1846 dimidium
694 1789 1005 1847 amittant.
2286 1802 2289 1809 ’

432 1887 528 1947 Sit
574 1887 704 1948 fere
751 1890 1094 1949 insolubile
1150 1893 1214 1949 in
1262 1892 1645 1953 volwmm'bus
1691 1892 1876 1954 tribus
1922 1895 2252 1955 mixtionis
2301 1915 2378 1954 ex

342 1987 663 2069 Glycerini
704 1992 983 2071 partibus
1030 1993 1212 2054 tribus
1261 2003 1321 2054 et
1365 1995 1591 2074 Aquae
1638 2017 1759 2057 una
1807 2002 2214 2076 compositae.

518 2095 718 2154 Caute
766 2104 1067 2155 servetur.

690 2212 883 2271 Dosis
929 2213 1209 2272 maxima
1256 2214 1511 2292 singula
1565 2219 1682 2286 0‚1.

690 2314 882 2375 Dosis
929 2316 1209 2376 maxima
1253 2337 1370 2396 pro
1415 2317 1517 2376 die
1565 2321 1682 2395 095.

1002 2551 1692 2637 Lactucarium.

425 2709 661 2771 Succus
706 2712 966 2785 lacteus,
1017 2732 1206 2792 quem
1239 2714 1423 2774 offert
1470 2717 1750 2775 Lactuca
1795 2715 2030 2792 virosa,
2080 2717 2365 2775 siccatus.

335 2813 581 2873 Massae
639 2834 671 2873 e
716 2813 883 2874 flavo
933 2814 1172 2887 fuscae,
1245 2818 1418 2877 intus
1475 2818 1758 2890 albulae,
1833 2827 1942 2878 aut
1995 2818 2368 2897 fragmentis

336 2915 688 2997 majoribus
769 2917 1122 2997 sphaericis
1198 2919 1668 2999 propemodum
1725 2921 1966 2979 similes
2015 2931 2122 2979 aut
2169 2920 2369 2980 frusta

336 3020 586 3078 minora
630 3020 1007 3098 irregularia
1052 3022 1454 3101 praebentes.
1536 3023 1978 3082 Lactuearium
2029 3022 2367 3082 difficulter

337 3123 577 3181 conteri
634 3131 845 3202 potest
899 3142 1106 3203 neque
1161 3124 1349 3206 Aqua
1402 3132 1856 3205 temperatum,
1931 3127 2053 3184 nisi
2110 3124 2364 3184 Gummi

336 3223 577 3294 addim,
627 3224 1043 3285 emulsionem
1093 3226 1221 3286 dat.
1326 3228 1515 3306 Aqua
1571 3228 1915 3286 ebulliente
1963 3226 2358 3305 superfusum

335 3326 676 3397 mollescit3
725 3328 937 3407 liquor
982 3327 1332 3408 limpidus,
1384 3348 1775 3409 pel-ainai·11S‚
1827 3348 2010 3407 quem
2066 3328 2362 3387 filu-ando

335 3426 639 3500 effeceris,
703 3426 939 3510 frigore
998 3430 1296 3491 turbidus
1351 3431 1422 3491 fit
1482 3451 1714 3510 neque,
1790 3451 1930 3489 eum
1993 3431 2160 3489 Jodo
2223 3431 2359 3509 pu]-

1952 3557 2010 3601 20
