2808 3996
1479 243 1630 314 196

1187 509 1528 596 Oleum
1590 508 1936 596 Cocos.

640 689 877 751 Sebum
932 689 1302 749 nucleorum
1356 690 1688 759 seminum,
1746 707 1910 767 quae
1967 688 2149 749 offert
2203 691 2403 749 Cocos
2450 711 2565 749 nu-

553 793 769 869 cisera,
828 793 1054 851 coloris
1110 792 1269 862 albi,
1320 791 1750 871 spissitudinis
1798 791 2040 870 butyri,
2096 792 2303 851 calore
2355 793 2432 852 23
2483 793 2566 853 ad

557 897 675 956 300
735 895 999 975 limpide
1063 895 1379 974 liquescit,
1440 894 1702 954 odorem
1764 894 1995 966 levem,
2061 896 2399 977 specialem
2463 899 2565 954 e'x-

552 990 801 1058 1101008.
2225 995 2239 1004 “

1127 1262 1468 1349 Oleum
1530 1195 2001 1349 Crotonis.

640 1442 860 1502 Oleum
919 1462 998 1502 ex
1051 1442 1292 1501 nucleis
1340 1442 1679 1512 seminum,
1738 1461 1901 1520 quae
1949 1441 2130 1501 offert
2177 1444 2411 1501 Croton
2459 1443 2568 1502 Ti-

553 1545 779 1623 glium,
839 1564 1234 1624 expressum,
1291 1546 1746 1623 unguinosum,
1805 1546 2004 1625 spisse
2060 1545 2404 1624 liquidum,
2471 1566 2567 1604 co-

552 1649 703 1707 loris
758 1648 942 1719 susci,
991 1649 1330 1708 reactionis
1378 1648 1615 1708 acidae.

641 1753 840 1811 Caute
888 1760 1189 1811 servetur.

904 1870 1093 1929 Dosis
1141 1870 1416 1929 maxima
1464 1870 1717 1947 singula
1765 1874 1917 1945 0,05.

904 1973 1095 2032 Dosis
1144 1974 1421 2033 maxima
1465 1993 1581 2053 pro
1629 1973 1728 2032 die
1776 1978 1891 2048 0,1.

1100 2311 1439 2398 Oleum
1500 2313 2015 2398 Poeniculi.

644 2491 864 2551 Oleum
912 2490 1275 2550 aethereum
1322 2489 1665 2561 fructulun,
1723 2511 1882 2570 quos
1931 2492 2113 2551 offert
2162 2493 2570 2553 Poenicnlum

557 2596 995 2675 capillaceum3
1067 2595 1294 2653 coloris
1358 2614 1609 2673 experS,
1676 2594 1888 2653 odoris
1956 2595 2146 2654 valde
2217 2599 2567 2667 aromatici3

555 2699 858 2779 ponderis
913 2697 1187 2778 specifici
1252 2718 1382 2757 non
1436 2698 1748 2757 inferioris
1803 2718 1993 2776 quam
2054 2699 2218 2769 0,96‚
2312 2699 2571 2779 Frigore

558 2804 809 2882 saepius
850 2802 1144 2860 lamellae
1193 2801 1596 2880 crystallinae
1629 2790 1933 2860 Aneth'oli
1979 2803 2044 2860 in
2079 2821 2150 2860 eo
2199 2801 2566 2862 formantur.

558 2905 779 2964 Oleum
855 2904 1174 2964 Foeniculi
1250 2904 1488 2984 Spiritu
1563 2906 1652 2964 ita
1730 2905 2015 2976 diluitur,
2093 2914 2166 2965 ut
2239 2926 2369 2966 non
2445 2916 2569 2967 tur-

557 3009 767 3078 betur;
830 3027 994 3086 quae
1050 3009 1280 3067 solutio
1336 3009 1579 3068 laccam
1637 3010 1835 3067 musci
1890 3029 2016 3067 000
2072 3018 2300 3081 mutat,
2366 3030 2570 3089 neque

558 3112 745 3171 Ferro
780 3111 1280 3189 sesquichlorato
1316 3112 1648 3170 coloratur.
1717 3111 1850 3170 Olei
1885 3111 2206 3171 Foeniculi
2233 3118 2399 3193 quita
2430 3134 2566 3190 ama,

561 3235 700 3273 cum
759 3214 1076 3274 Saccharo
1133 3216 1403 3273 contrita
1450 3222 1512 3273 et
1558 3234 1700 3273 cum
1748 3215 1970 3293 Aquae
2010 3217 2361 3296 yrammatls
2406 3218 2567 3297 quin-

554 3318 737 3398 qentc's
770 3326 1206 3395 conquassata,
1234 3317 1382 3376 huic
1415 3336 1706 3397 saporem
1729 3337 1961 3397 purum
1983 3318 2325 3377 Fructuum
2349 3319 2397 3377 F
2401 3321 2567 3378 oeni-

562 3420 685 3478 culi
731 3421 1066 3500 impertiat.
