2808 3996
1345 287 1439 356 79

387 480 573 541 quas,
630 461 832 543 aliqua
863 469 1043 542 parte
1088 463 1313 543 Aquae
1360 466 1694 537 instillata,
1744 468 1808 526 in
1860 468 2088 528 balneo
2145 472 2402 551 vaporis

386 571 573 623 antea
618 565 945 625 miscueris
993 572 1054 625 et
1100 566 1425 627 celaveris.

473 665 569 725 Sit
599 650 1014 746 emplastrum
1044 665 1373 738 flavidmn,
1402 669 1737 748 paullatim
1770 668 2152 743 tumescens,
2187 683 2397 744 tenax,

382 786 645 849 prorsus
692 768 1112 848 aequabiliter
1157 772 1447 830 mixtum.

750 972 1386 1084 Emplastrum
1450 977 2033 1087 saponatum.

559 1133 903 1212 Emplastri
949 1134 1319 1213 Lithargyri
1350 1136 1627 1215 partibus
1671 1139 2034 1220 septuayz‘nta
2089 1186 2099 1196 .
2133 1187 2142 1197 .
2176 1187 2187 1197 .
2220 1188 2230 1197 .
2295 1143 2375 1201 70

737 1243 799 1295 et

562 1338 762 1396 Cerae
807 1338 1011 1397 flavae
1043 1339 1319 1418 partibus
1365 1340 1559 1400 decem
1607 1389 2229 1401 ...............
2295 1348 2374 1404 10

735 1440 1067 1500 moderato
1116 1441 1324 1500 calore
1370 1441 1629 1520 liquatis
1677 1451 1738 1502 et
1770 1442 2267 1523 semifrigeratis'

737 1541 1044 1621 agitando
1092 1542 1260 1602 adde
1978 1543 1983 1548 ’

559 1643 835 1724 Saponis
882 1643 1172 1703 medicati
1218 1645 1532 1723 pulverati
1565 1652 1775 1725 partes
1819 1667 2098 1730 qumque.
2132 1696 2142 1707 .
2335 1653 2373 1709 5

735 1754 797 1806 et

557 1848 953 1927 Camphorae
987 1854 1224 1927 partem
1269 1869 1451 1910 unam
1474 1897 2230 1911 ..................
2340 1858 2396 1929 1,

734 1969 877 2009 eum
925 1970 1132 2031 exequa
1164 1957 1344 2029 parte
1391 1951 1526 2010 Olei
1574 1951 1902 2011 Olivarum
1953 1956 2306 2013 contritam.

469 2051 566 2112 Sit
610 2051 1023 2132 emplastrum
1071 2071 1105 2111 e
1151 2051 1440 2112 subflavo
1488 2053 1727 2125 album,
1775 2073 1905 2114 non
1952 2042 2283 2115 lubricum.

1071 2255 1702 2343 EmulsioneS.

470 2415 867 2475 Emulsiones
944 2416 1302 2493 seminaleS‚
1388 2417 1513 2476 alio
1585 2438 1716 2478 non
1782 2423 2202 2501 praeseripm,
2287 2441 2394 2501 pa-

380 2531 599 2577 rentur
646 2537 724 2576 ex
2078 2535 2082 2539 ·

556 2618 832 2679 Seminis
866 2625 1044 2698 parte
1090 2640 1209 2680 una
1252 2668 2228 2682 .......................
2338 2629 2368 2682 1

735 2731 795 2780 et

558 2825 737 2901 Aqua
783 2828 968 2898 ίαηία,
1016 2831 1087 2881 ut
1133 2823 1454 2883 celaturae
1502 2826 1628 2885 sint

558 2923 763 2984 Partes
808 2923 1003 2984 decem
1026 2970 2223 2987 ............................
2293 2934 2387 2987 lo.

470 3112 867 3171 Emnlsionns
913 3112 1162 3172 oleosao
1210 3114 1427 3173 eadem
1479 3117 1728 3175 ratione
1776 3128 2078 3196 parvumn-
2126 3139 2197 3174 vx

557 3213 694 3272 olei
744 3215 1240 3291 Amymlalarum
1285 3216 1555 3294 partibus
1602 3218 1833 3279 duabus
1866 3267 2220 3278 .........
2327 3222 2386 3276 2.

558 3315 808 3374 Gummi
857 3315 1103 3375 Arabici
1151 3318 1463 3396 pulverati
1498 3324 1676 3397 parte
1721 3340 1841 3381 una
1867 3367 2221 3378 .........
2340 3322 2385 3377 Ι.

2329 3423 2359 3439 μ

555 3419 773 3495 Aquae
804 3416 1082 3497 partibus
1118 3419 1495 3498 septendecim
1557 3467 1960 3480 ..........
1995 3469 2002 3476 .
2038 3467 2219 3477 .....
2293 3424 2308 3476 Ι
2338 3439 2382 3477 1.
