2808 3996
1395 277 1549 350 288

642 460 922 541 Spiritus
968 458 1150 519 diluti
1183 456 1459 536 partibus
1504 457 1753 537 quinque
1780 501 2363 513 ..............
2424 457 2463 513 5

817 561 1130 642 paranda.

552 665 861 725 Tinetura
907 663 1137 723 eoloris
1183 661 1355 732 flavi,
1405 660 1620 720 odoris
1659 660 1835 730 levis,
1887 660 2134 739 saporis
2180 677 2491 718 nauseose

465 787 684 827 aman.

979 1025 1434 1113 Tinctum
1494 1021 1967 1135 strychni.

823 1190 922 1249 Ex

644 1292 921 1354 Seminis
970 1289 1274 1367 Strychni
1306 1294 1490 1369 parte
1534 1307 1657 1348 una
1689 1334 2321 1346 ...............
2431 1290 2465 1345 1

821 1401 883 1454 et

644 1496 925 1577 Spiritus
974 1493 1157 1554 diluti
1191 1492 1470 1573 partibus
1516 1491 1708 1552 decem
1736 1538 2321 1550 ..............
2389 1494 2468 1552 10

816 1596 1129 1678 paranda.

556 1703 859 1763 Tinctura
906 1700 1134 1760 eoloris
1180 1698 1353 1769 flavi,
1403 1699 1650 1777 saporis
1696 1698 2033 1777 peramari.
2107 1694 2301 1776 Cujus
2332 1715 2490 1756 non-

466 1805 682 1866 nullae
729 1810 973 1882 guttae‚
1030 1804 1101 1860 in
1156 1802 1397 1860 lamina
1442 1799 1873 1879 porcellaniea
1920 1798 2283 1869 exhalatae,
2339 1800 2490 1858 resi-

468 1908 666 1968 duum
710 1906 1104 1983 relinquunt,
1177 1901 1351 1982 quod
1407 1900 1631 1961 addito
1685 1900 1890 1961 Aeido
1937 1901 2167 1961 nitrieo
2216 1901 2492 1960 colorem

458 2030 501 2069 -e
546 2009 715 2068 flavo
762 2007 1028 2067 rubrum
1071 2006 1292 2065 trahit.
2240 2018 2243 2021 ·

556 2113 760 2170 Caute
807 2116 1110 2169 servetur.

817 2226 1008 2286 Dosis
1054 2225 1332 2284 maxima
1379 2223 1634 2302 singula
1684 2227 1792 2294 1‚0.

819 2328 1011 2388 Dosis
1056 2327 1336 2387 maxima
1379 2346 1496 2406 pro
1545 2326 1646 2386 die
1693 2329 1807 2396 2,st

926 2649 1381 2734 Tinctura
1438 2645 2032 2732 Valerianae.

819 2813 917 2872 Ex

643 2915 900 2974 Radieis
945 2912 1323 2972 valerianae
1354 2916 1536 2991 parte
1579 2931 1701 2971 una
1756 2958 2386 2971 ...............
2451 2916 2485 2974 1

822 3025 883 3075 et

585 3099 588 3102 Δ
646 3119 924 3199 Spiritus
972 3117 1154 3178 diluti
1186 3116 1464 3196 partibus
1509 3117 1760 3197 quinque
1800 3163 2385 3175 ..............
2447 3120 2486 3177 5

817 3220 1129 3300 paranda.

557 3323 862 3383 Tinctura
917 3322 1144 3381 eoloris
1201 3341 1232 3379 e
1288 3319 1603 3380 subrubro
1659 3319 1850 3390 fusci,
1915 3326 1990 3393 etr
2022 3319 2237 3380 odoris
2285 3328 2347 3380 et
2391 3340 2486 3380 sa-

468 3427 642 3505 poris
686 3424 888 3494 fortiS‚
937 3423 1156 3503 quales
1202 3430 1351 3482 sunt
1393 3421 1654 3482 Radieis
1698 3421 2102 3482 Valerianae.
