2808 3996
1368 245 1465 314 35

393 422 460 479 in
494 420 766 499 Spiritus
801 419 1082 500 partibus
1130 418 1289 496 10,2,
1341 439 1460 478 nee
1504 440 1635 479 non
1680 421 1747 479 in
1788 419 2060 497 Liquore
2098 419 2422 478 Ammouii

395 523 657 580 eaustiei
704 522 971 602 limpide
1027 529 1088 580 et
1134 524 1271 580 sine
1317 522 1451 580 ullo
1501 523 1711 581 colore
1766 522 2082 581 solubilia.
2178 521 2423 580 Solutio

394 641 637 701 aquosa
684 631 778 683 est
821 624 1158 694 neutralis,
1209 623 1415 683 Aeido
1462 623 1961 702 hydroehlorieo
2011 622 2231 682 addito
2279 622 2423 681 floe-

395 725 572 784 eulos
619 725 830 796 albos,
879 727 948 784 in
979 726 1251 805 Liquore
1283 726 1610 785 Ammonii
1658 726 1919 784 eaustiei
1964 723 2150 783 facile
2190 725 2424 783 solubi-

392 826 513 898 les,
562 829 630 886 in
675 827 882 888 Aeido
929 830 1158 888 nitrieo
1204 847 1340 888 non
1386 828 1692 888 solubiles
1741 828 2035 887 demittit.

483 928 730 989 Solutio
786 949 1028 1009 aquosa
1085 931 1137 1006 (1
1179 958 1253 983 =
1290 931 1420 1008 10),
1477 930 1764 990 volumine
1819 928 2191 1011 quadruplici
2239 928 2426 988 Aeidi

393 1029 682 1091 sulfuriei
729 1031 917 1092 diluti
949 1040 1307 1113 temperata
1339 1039 1429 1104 et,
1480 1032 1687 1092 donee
1719 1032 2011 1102 ebulliat,
2061 1030 2423 1101 fervefacta,

392 1152 473 1192 ne
504 1133 814 1194 turbetur.
879 1135 1181 1216 Ejusdem
1218 1135 1551 1195 solutionis
1585 1135 1712 1194 alia
1741 1142 1924 1214 parte
1950 1133 2153 1193 Aeido
2184 1133 2425 1213 hydro-

394 1235 679 1296 ehlorieo
742 1239 1193 1317 praecipitata,
1270 1238 1483 1317 liquor
1542 1236 1845 1298 filtrando
1914 1235 2250 1308 efficiatur,
2318 1238 2426 1315 qui

394 1346 780 1418 evaporatus
825 1340 1154 1399 residuum
1199 1359 1336 1399 non
1379 1340 1718 1419 relinquat.

483 1442 686 1501 Caute
732 1450 1036 1502 servetur.

749 1545 943 1604 Dosis
989 1545 1270 1605 maxima
1317 1545 1574 1624 singula
1619 1549 1772 1622 0903.

750 1648 944 1708 Dosis
990 1648 1272 1708 maxima
1315 1667 1434 1728 pro
1481 1647 1583 1708 die
1629 1651 1747 1724 092.

395 1896 916 2011 Argentum
977 1899 1419 1986 uitricum
1480 1925 1695 1985 eum
1735 1897 2019 1983 Kalio
2063 1895 2426 1981 uitrico.

571 2062 839 2140 Argenti
884 2062 1096 2122 nitriei
1127 2068 1370 2143 partem
1414 2082 1597 2123 uuam
1654 2107 2326 2120 ................
2392 2062 2424 2117 1

751 2172 813 2224 et

572 2267 738 2327 Kalii
787 2267 997 2327 uitrici
1030 2273 1243 2348 partes
1288 2267 1442 2329 duas
1477 2312 2325 2326 ....................
2386 2266 2428 2322 2

395 2370 564 2429 inter
610 2389 676 2430 se
723 2371 958 2430 mixtas
1007 2377 1190 2430 caute
1234 2368 1568 2450 liquefaee,
1616 2377 1753 2427 tum
1793 2370 1860 2426 in
1894 2367 2270 2426 bacillorum
2308 2365 2426 2424 for-

394 2491 569 2531 mam
615 2471 833 2533 funde.

483 2574 730 2635 Baeilla
777 2575 930 2636 alba
974 2577 1083 2636 vel
1130 2596 1163 2636 e
1209 2578 1417 2657 griseo
1467 2575 1645 2646 alba,
1697 2574 1887 2644 dura,
1937 2592 2051 2653 per
2082 2570 2427 2631 fracturam

274 2716 279 2721 ,
395 2679 806 2758 poreellanae
852 2679 1105 2750 similia,
1153 2681 1268 2739 vix
1315 2679 1706 2758 crystallina.

488 2781 776 2842 Gramma
815 2802 1027 2859 unum,
1077 2783 1143 2840 in
1176 2780 1402 2860 Aquae
1450 2781 1790 2841 centimetrz‘s
1835 2778 2047 2840 cubicis
2092 2778 2283 2838 decem
2332 2797 2427 2836 so-

397 2884 633 2955 lutum,
668 2886 722 2944 si
753 2885 1096 2945 centimetrz‘s
1121 2883 1334 2945 cubicis
1364 2884 1564 2965 vz'yz'utz'
1590 2883 1883 2960 Liquoris
1914 2882 1976 2940 N
1980 2882 2123 2939 atrii
2159 2880 2428 2938 chlorati

397 2986 802 3046 volumetrici
876 2994 938 3047 et
994 2988 1173 3069 quitis
1237 2987 1433 3047 decem
1489 2985 1836 3045 Solutionis
1884 2984 2053 3042 Kalii
2123 2982 2426 3040 ebromiei

397 3090 881 3168 temperaveris‚
917 3089 1001 3149 ad
1027 3089 1338 3168 liquorem
1364 3087 1883 3147 rubefacjendum
1912 3106 2037 3145 non
2071 3086 2209 3163 plus
2235 3104 2423 3162 quam

400 3191 701 3252 dimidium
748 3191 830 3252 ad
877 3212 1059 3252 uuum
1104 3193 1495 3252 centimetrum
1541 3189 1804 3250 cubicum
1835 3189 2126 3267 Liquoris
2159 3187 2426 3265 Argenti

400 3296 614 3353 nitriei
660 3295 1063 3354 volumetriei
1107 3295 1407 3373 requirat.

493 3398 692 3456 Caute
738 3404 1042 3456 servetur.
