2808 3996
1493 293 1641 364 170

563 469 947 533 voluminibus
1002 473 1231 534 duobus
1278 473 1621 533 Solutionis
1666 473 1841 533 Ferri
1889 472 2175 534 sulfurioi
2219 494 2334 555 per
2380 484 2578 537 strata

565 572 976 654 disposueris,
1046 595 1126 635 ne
1196 575 1540 636 exhibeant
1593 596 1815 636 zonam
1862 576 2302 637 intermediam
2351 580 2576 639 eoloris

562 675 738 736 fusei.

651 781 849 840 Caute
895 791 1195 842 servetur.

997 1016 1352 1128 Liquor
1411 1018 1496 1103 N
1498 1017 1710 1102 atrii
1772 1016 2133 1103 siliciei.

645 1194 878 1273 Liquor
939 1195 1272 1276 limpidus,
1348 1196 1574 1255 eoloris
1639 1214 1864 1275 expers
1924 1196 2029 1254 vel
2089 1194 2572 1268 subflaveseens,

556 1299 888 1357 reaotionis
923 1299 1259 1369 alealinae,
1293 1297 1596 1378 ponderis
1630 1296 1906 1378 speoifioi
1945 1299 2086 1369 l,3O
2124 1298 2207 1358 ad
2245 1300 2409 1371 1,40,
2445 1302 2572 1379 qui,

557 1400 790 1461 additis
839 1401 1055 1473 aoidis,
1092 1401 1516 1461 sedimentum
1549 1402 1971 1482 gelatinosum
2007 1401 2298 1462 demittit.
2372 1402 2574 1462 Aoido

556 1504 1052 1583 hydroohlorioo
1109 1507 1177 1564 in
1234 1525 1493 1565 excessu
1546 1482 1863 1565 saturatus
1919 1513 1980 1565 et
2035 1505 2444 1586 evaporando
2492 1505 2574 1566 ad

556 1608 900 1666 siceitatem
924 1606 1219 1668 redactus
1243 1607 1571 1668 residuum
1601 1609 1918 1688 relinquit,
1954 1607 2126 1687 quod
2158 1628 2362 1688 neque
2387 1608 2576 1688 Aqua

554 1709 1079 1790 hydrosulfurata
1141 1712 1486 1783 coloratur,
1551 1731 1670 1772 nee
1737 1712 2025 1793 pauxillo
2072 1712 2295 1792 Aquae
2360 1731 2572 1793 super-

554 1813 788 1886 fusum,
837 1824 1201 1875 remanente
1234 1815 1437 1875 Aoido
1471 1816 1710 1876 silicioo
1743 1815 2093 1887 insolubili,
2130 1818 2181 1876 si
2213 1815 2568 1887 filtraveriS,

554 1918 866 1997 liquorem
912 1917 1194 1998 praebet,
1246 1917 1424 1999 eujus
1482 1927 1664 1998 gutta
1707 1939 1860 1990 una,
1920 1938 2110 1978 ansae
2166 1918 2255 1978 fili
2307 1919 2572 1999 platinei

555 2020 911 2081 adhaerens
961 2031 1330 2102 evaporata,
1398 2024 1451 2082 si
1498 2021 1881 2082 fervefacere
1933 2042 2191 2103 pergas,
2247 2021 2571 2082 flammam

555 2125 762 2184 colore
810 2126 1050 2184 intense
1097 2124 1264 2185 flavo
1312 2125 1527 2186 inficit.

866 2359 1220 2470 Liquor
1280 2360 1652 2446 Plumbi
1715 2360 2265 2448 subaoetioi.

726 2538 974 2597 plumbi
1023 2539 1242 2598 aeetici
1274 2544 1483 2619 partes
1528 2545 1642 2600 tres
1681 2587 2399 2600 .................
2507 2541 2566 2614 3,

727 2641 1094 2720 Lithargyri
1147 2642 1506 2722 praeparati
1570 2646 1630 2701 et
1692 2644 1768 2702 ab
1823 2642 2016 2725 Aoido
2082 2642 2412 2701 eal-bonico

1602 2745 1848 2804 liberati
1881 2751 2121 2825 partem
2168 2765 2347 2805 unam
2387 2793 2398 2803 .
2509 2748 2565 2819 1,

725 2853 940 2927 Aquae
971 2853 1182 2928 partes
1229 2848 1423 2909 decem
1463 2895 2398 2908 .....................
2464 2851 2563 2908 10.

637 2951 977 3011 Plumbum
1012 2952 1322 3012 aeetioum
1354 2971 1495 3012 oum
1526 2951 1910 3031 Lithargyro
1945 2953 2310 3022 contritum,
2346 2949 2566 3010 addita

538 3060 715 3135 parte
780 3055 1054 3136 vzyesz'ma
1115 3054 1338 3135 Aquae
1405 3056 1862 3136 praescriptae,
1935 3056 2000 3114 in
2067 3054 2292 3114 balneo
2362 3072 2564 3133 aquae

548 3157 886 3238 liquefaee,
952 3158 1164 3237 quoad
1230 3159 1554 3219 mixtionis
1618 3159 1790 3218 oolor
1844 3160 2050 3239 primo
2115 3156 2439 3218 subflavus
2498 3157 2565 3216 in

551 3261 770 3320 album
817 3268 924 3320 aut
958 3280 989 3319 e
1022 3261 1336 3321 subrubro
1371 3261 1589 3322 album
1620 3263 1955 3322 transierit.
2028 3260 2299 3340 Reliqua
2339 3259 2564 3340 Aquae

548 3372 729 3444 parte
786 3362 1061 3444 adjecta,
1117 3364 1428 3444 liquorem
1474 3366 1540 3423 in
1585 3385 1736 3425 vase
1786 3365 1999 3425 elauso
2047 3382 2298 3444 sepone,
2363 3362 2563 3423 donee

548 3466 867 3539 resederit,
919 3466 1191 3547 denique
1236 3466 1421 3527 filtra.
