2808 3996
1438 280 1587 356 150

998 520 1375 606 Kalium
1437 521 2018 608 sulfuratum.

674 697 958 758 Sulsuris
1001 703 1242 777 partem
1287 718 1471 759 meam
1504 746 2406 760 .....................
2470 704 2504 761 1

850 809 911 859 et

669 902 840 961 Kalii
887 902 1205 962 cai-bonici
1251 903 1430 962 crudi
1463 909 1674 982 partes
1719 903 1873 963 duas
1904 950 2404 962 ............
2464 905 2508 962 2

494 1006 740 1065 curiose
794 1006 1028 1064 mixtas
1076 1007 1144 1064 in
1189 1025 1342 1064 vase
1391 1006 1635 1085 amplo,
1693 1014 1886 1077 teoto,
1942 1004 2148 1064 ferreo
2194 1005 2301 1064 vel
2345 1003 2529 1064 fictili

490 1108 812 1168 interdum
861 1109 1112 1186 agitans
1157 1109 1286 1168 leni
1324 1110 1472 1187 igne
1505 1108 1839 1180 fervefaee,
1890 1107 2107 1187 quoad
2138 1127 2350 1167 massa
2382 1127 2527 1187 spu-

490 1231 664 1270 mare
722 1211 977 1270 desierit
1034 1209 1294 1291 ejusque
1342 1211 1776 1290 portiuncula,
1832 1211 2011 1270 nullo
2059 1209 2313 1270 Sulfure
2361 1229 2525 1269 seoe-

493 1313 699 1385 dente,
750 1316 815 1371 in
861 1314 1050 1392 Aqua
1097 1314 1398 1372 solvatur.
1481 1313 1685 1388 Quam
1733 1333 2011 1372 massam
2051 1315 2117 1371 in
2150 1313 2526 1371 mortarium

489 1415 762 1475 ferreum
806 1417 914 1476 vel
960 1418 1028 1475 in
1075 1417 1379 1475 laminam
1429 1415 1699 1475 ferream
1746 1418 2127 1487 immissam,
2182 1423 2525 1495 postquam

487 1519 833 1591 refrixerit,
885 1519 1220 1578 contunde.

574 1622 959 1701 Fragmenta
1006 1623 1234 1682 eoloris
1281 1622 1460 1694 fusci,
1512 1623 1719 1701 qualis
1754 1631 1849 1682 est
1893 1622 2166 1702 hepatiS,
2212 1619 2443 1680 deinde
2491 1638 2524 1679 e

486 1724 653 1785 flavo
684 1725 939 1795 Viridis;
988 1724 1476 1804 Hydrogenium
1520 1725 1901 1784 sulfuratum
1942 1725 2169 1783 leniter
2213 1723 2520 1793 redolent,

488 1831 630 1886 aere
678 1827 946 1887 humido
985 1827 1384 1898 dilabuntur,
1435 1829 1500 1886 in
1536 1834 1718 1907 parte
1751 1827 1970 1907 duplici
1996 1827 2238 1905 Aquae,
2291 1827 2522 1903 exiguo

484 1930 738 1989 residuo
786 1940 1178 2001 remanente,
1238 1930 1320 1988 ad
1369 1930 1682 2008 liquorem
1734 1931 2100 2000 alealinum,
2159 1929 2520 2008 opaleseen-

483 2041 632 2105 tem,
683 2034 912 2093 eoloris
961 2054 994 2091 e
1040 2032 1208 2091 flavo
1253 2033 1482 2092 viridis
1529 2033 1883 2092 solvuntur.

573 2136 817 2196 Solutio
852 2155 1092 2215 aquosa
1125 2137 1278 2211 (1=
1299 2136 1422 2211 20),
1475 2156 1617 2195 eum
1651 2135 1858 2194 A‹·i‹lo
1893 2137 2128 2194 acetico
2161 2136 2226 2193 in
2260 2154 2519 2193 excessu

484 2238 706 2298 addito
753 2238 1128 2309 fervefacta,
1188 2238 1441 2297 sulfure
1498 2237 1858 2308 secedente,
1916 2257 2217 2316 magnam
2268 2238 2518 2316 copiam

482 2341 887 2420 Hydrogenii
943 2341 1235 2401 sulfurati
1295 2341 1534 2399 evolvit
1583 2350 1644 2400 et
1700 2340 1965 2411 filtrata,
2038 2349 2377 2419 postquam
2423 2358 2516 2397 re-

482 2444 746 2515 frixerit,
797 2444 1001 2503 Aeido
1048 2445 1350 2503 tartari‹·o
1399 2445 1464 2502 in
1508 2464 1768 2503 excessu
1801 2443 2042 2515 addim,
2092 2442 2517 2502 sedimentum

482 2547 723 2619 album,
774 2548 1214 2626 crystallinum
1266 2546 1558 2610 demittit.

979 2855 1358 2941 Kalium
1422 2842 1999 2941 sulfurioum.

480 3046 482 3048 ’
567 3033 888 3112 Crystalla
933 3033 1038 3092 vel
1093 3042 1341 3092 erustae
1390 3033 1829 3110 crystallinae,
1891 3031 2105 3102 albae,
2165 3031 2389 3101 durae,
2447 3031 2512 3088 in

472 3137 743 3215 partibus
774 3137 968 3196 decem
1000 3136 1225 3214 Aquae
1260 3135 1560 3214 frigidae,
1610 3137 1678 3194 in
1713 3140 1989 3216 quattuor
2023 3134 2383 3193 ebullientis
2417 3153 2511 3191 so-

477 3239 738 3310 lubiles,
788 3241 854 3298 in
886 3239 1127 3318 Spiritu
1175 3259 1306 3296 non
1353 3238 1674 3297 solubiles
1772 3237 2087 3298 Solutioni
2136 3255 2409 3314 aquosae
2459 3237 2511 3294 si

476 3341 751 3401 Acidum
800 3343 1169 3400 tartaricum
1227 3341 1296 3398 in
1355 3360 1613 3399 excessu
1663 3339 2022 3410 addideris,
2084 3339 2299 3416 aliquo
2355 3348 2507 3396 tem-

476 3463 631 3523 pore
694 3453 981 3523 peraeto,
1054 3443 1478 3502 sedimentum
1549 3442 1796 3514 album,
1869 3441 2338 3521 crystallinum,
2409 3441 2507 3499 sin
