2808 3996
1338 259 1482 335 127

931 439 1307 527 Gummi
1366 442 1902 528 Arabicum.

486 590 870 649 Praesertim
918 588 1001 648 ab
1037 589 1269 648 Aeacia
1315 590 1598 667 Senegal
1647 590 1906 663 (Aoaoia
1937 590 2172 664 Verek)
2221 593 2431 665 ,oriun-

400 693 574 763 dum,
612 711 776 771 quae
806 693 874 750 in
904 692 1279 769 regionibus
1313 691 1397 751 ad
1428 693 1652 751 Nilum
1686 695 2078 773 superiorem
2113 695 2249 752 sitis
2292 714 2430 753 nas-

402 798 579 854 citur.
645 792 1113 854 Praeferendae
1147 801 1297 854 sunt
1335 796 1576 874 speeies
1615 815 1748 854 non
1782 796 2056 855 multum
2091 796 2430 866 coloratae,

399 883 562 977 quae
623 895 810 956 facile
870 898 939 955 in
1004 896 1250 956 assulas
1311 897 1644 977 limpidas,
1708 899 1978 957 rimosas
2033 879 2430 976 frangantur.

399 1000 673 1071 Gummi,
708 999 980 1079 pondere
1026 998 1246 1079 duplici
1285 1003 1508 1078 Aquae
1555 999 1981 1080 superfusum,
2041 1000 2126 1060 ad
2173 1002 2432 1060 mucila-

397 1105 614 1182 ginem
662 1101 1111 1172 adhaesivam,
1161 1100 1379 1160 odoris
1428 1109 1782 1182 expertem,
1842 1101 2432 1174 subflavesoentem,

397 1206 645 1285 saporis
692 1203 960 1284 insipidi
1006 1203 1178 1262 lente
1223 1203 1389 1263 illud
1421 1204 1704 1283 quidem,
1754 1205 1869 1264 sed
1918 1208 2180 1264 omnino
2228 1206 2434 1265 solva-

396 1318 517 1373 tur.
627 1307 947 1385 Muoilago
1000 1305 1260 1366 Gummi
1306 1306 1596 1379 Arabici,
1661 1307 1936 1367 Plumbo
1994 1311 2233 1368 aoetioo
2281 1328 2434 1388 qua-

395 1413 494 1470 vis
555 1411 972 1490 proportione
1020 1410 1394 1479 oommixta,
1460 1430 1591 1469 non
1646 1411 1967 1481 turbatur;
2032 1411 2145 1471 sed
2193 1412 2436 1492 Spiritu

397 1514 856 1593 praecipitatur
914 1518 976 1570 et
1020 1511 1298 1591 Liquore
1343 1512 1519 1571 Ferri
1575 1513 2067 1592 sesquiohlorati
2100 1514 2208 1588 ad
2266 1515 2435 1593 gela-

395 1619 601 1676 tinam
679 1604 959 1694 rigidam
1035 1606 1434 1694 inspissatur.
1551 1616 1625 1674 In
1695 1615 2010 1675 solutione
2079 1635 2433 1694 gummosa,

400 1719 647 1777 etiamsi
680 1718 932 1799 quinque
971 1716 1200 1777 milibus
1217 1719 1490 1797 partium
1523 1717 1657 1798 ejus
1686 1737 1816 1777 non.
1847 1719 1994 1798 plus
2026 1739 2148 1780 mea
2180 1718 2436 1779 Gummi

400 1823 780 1890 continetur,
861 1819 1087 1878 addito
1150 1819 1425 1900 Liquore
1485 1820 1744 1881 Plumbi
1820 1821 2194 1893 subaoetioi,
2273 1822 2434 1883 sedi-

399 1931 686 1982 mentum
735 1923 953 1981 oritur.

1275 2036 1564 2123 Gutti.

489 2187 1024 2256 Gummi-resina,
1060 2206 1256 2264 quam
1289 2186 1475 2245 offert
1508 2187 1804 2246 Gal-ninia
1837 2190 2125 2248 Mol-ella.
2189 2191 2435 2249 Massae

402 2290 484 2349 ad
526 2295 741 2369 septem
780 2290 1138 2349 centimetros
1171 2308 1438 2360 crassae,
1490 2289 1888 2368 cylindratae
1927 2292 2031 2350 vel
2062 2290 2334 2350 reflexae
2376 2301 2436 2352 et

403 2391 718 2461 confusae,
771 2391 1001 2450 coloris
1050 2411 1082 2450 e
1126 2391 1443 2451 subviridi
1489 2390 1669 2463 flavi,
1719 2412 1885 2472 quae
1928 2392 2114 2453 faoile
2163 2395 2229 2453 in
2263 2415 2432 2454 assu-

402 2496 497 2555 las
563 2515 595 2553 e
659 2493 827 2552 flavo
899 2494 1157 2564 rubraS,
1233 2494 1790 2574 planioonohatas,
1866 2517 1998 2555 non
2080 2497 2434 2576 pellucidas

402 2597 800 2675 franguntur.
897 2595 1074 2656 Gutti
1116 2616 1276 2676 pars
1320 2617 1470 2674 una,
1537 2617 1681 2657 oum
1728 2597 1953 2677 Aquae
2001 2599 2234 2659 duabus
2291 2620 2432 2658 ‹zon-

403 2702 579 2771 trita,
640 2699 1054 2758 emulsionem
1113 2699 1226 2758 dat
1281 2699 1449 2758 belle
1495 2699 1731 2759 flavam
1780 2703 2027 2781 saporis
2074 2703 2431 2772 ustulantis,

403 2822 594 2883 quae,
645 2802 870 2860 addita
903 2801 1193 2880 Liquoris
1234 2801 1560 2862 Ammonii
1594 2806 1853 2863 caustici
1888 2810 2069 2883 parte
2100 2825 2246 2880 una,
2296 2805 2432 2863 lim-

404 2904 559 2984 pida
585 2903 655 2964 fit
690 2912 751 2963 et
778 2904 1053 2962 colorem
1080 2906 1356 2981 igneum,
1394 2905 1626 2966 deinde
1652 2905 1897 2965 susoum
1926 2906 2127 2976 duait,
2164 2907 2434 2984 Liquore

405 3007 728 3066 Ammonii
771 3007 1029 3064 caustioi
1069 3008 1515 3079 neutralisato,
1560 3009 1771 3087 liquor
1803 3007 2085 3068 floooulis
2127 3007 2309 3067 flavis
2342 3028 2432 3067 se-

407 3108 778 3168 cedentibus
827 3107 1247 3168 decoloratur.

495 3213 697 3270 Caute
743 3219 1046 3269 servetur.

762 3312 950 3371 Dosis
999 3313 1275 3373 maxima
1323 3315 1579 3392 singula
1625 3319 1744 3388 0,3.

765 3414 952 3473 ”osis
1001 3414 1276 3474 maxima
1320 3436 1436 3495 pro
1486 3417 1586 3475 dio
1640 3421 1752 3492 1,0.
