2808 3996
1383 299 1531 370 124

531 476 636 537 Ad
690 497 873 536 usum
934 477 1525 557 pharmaceuticum
1581 479 1728 555 gelu
1783 476 2156 555 rigefactum
2212 479 2280 536 in
2335 477 2471 557 pul-

444 599 658 638 verem
703 579 920 658 redige
969 588 1030 638 et
1077 579 1268 638 cribri
1315 599 1436 659 ope
1484 581 1835 658 quisquiliis
1883 579 2143 638 munda.

1275 854 1637 942 Gallae.

531 1032 839 1093 Tumores
886 1035 951 1092 in
999 1033 1356 1092 turionibus
1418 1032 1783 1092 recentibus
1837 1034 2068 1111 speciei
2125 1031 2471 1101 orientaliS‚

442 1154 635 1213 quam
682 1136 882 1196 habet
929 1136 1226 1207 Quercus
1276 1135 1671 1211 Lusitanica,
1734 1137 1865 1195 ictu
1920 1134 2188 1215 Cynipis
2247 1133 2472 1194 Gallae

441 1239 772 1297 tinctoriae
843 1239 1063 1298 effecti.
1174 1238 1336 1298 Sunt
1406 1238 1716 1297 diametro
1784 1257 1916 1297 non
1975 1237 2218 1318 majore
2281 1255 2471 1314 quam

440 1339 900 1401 millimetrorum
955 1342 1154 1422 viqz’ntz'
1202 1342 1469 1422 quinque.
1565 1341 1723 1400 Pars
1777 1341 2066 1420 superior
2118 1338 2471 1418 superficiei

441 1443 745 1520 globosae
775 1445 882 1503 vel
912 1443 1280 1523 pyriformis
1315 1443 1647 1503 Gallarum
1680 1451 1774 1503 est
1816 1443 2088 1521 gibbosa
2122 1452 2183 1501 et
2214 1443 2470 1521 plicata,

440 1545 725 1618 inferior,
790 1548 842 1606 si
902 1546 1263 1626 perforatae
1334 1555 1508 1617 sunt,
1573 1545 1885 1607 foramine
1946 1544 2300 1606 millimetros
2359 1549 2474 1603 tres

442 1649 656 1728 amplo
704 1650 1012 1709 instructa
1068 1659 1187 1720 est,
1246 1649 1420 1727 quod
1476 1660 1691 1709 tamen
1741 1650 1993 1728 saepius
2040 1649 2359 1707 invenitur
2404 1647 2473 1704 in

439 1751 786 1811 levioribus
857 1751 1192 1822 subflaviS,
1266 1771 1459 1830 quam
1531 1753 1599 1810 in
1671 1751 2078 1830 gravioribus
2150 1751 2379 1810 eoloris
2440 1769 2473 1807 e

441 1855 648 1932 griseo
727 1854 1091 1914 subviridis
1217 1854 1376 1913 Tela
1453 1856 1707 1913 interna
1787 1854 2164 1914 densissima
2242 1853 2472 1912 eoloris

442 1957 642 2017 albidi
689 1957 771 2016 ad
820 1956 1069 2016 fuscum
1119 1966 1229 2016 est.

919 2247 1359 2334 Gelatina
1421 2247 1990 2361 Carrageen.

617 2427 983 2502 Carrageen
1014 2432 1254 2505 partem
1301 2447 1484 2486 unam
1534 2475 2300 2486 ..................
2411 2430 2469 2500 l,

614 2531 834 2606 Aquae
866 2529 1143 2608 partibus
1189 2530 1590 2610 quadraye’nta
1626 2578 2299 2588 ................
2364 2531 2447 2588 40

791 2630 1211 2711 superfusam,
1260 2651 1376 2712 per
1416 2633 1799 2692 semihoram
1836 2635 1900 2691 in
1936 2633 2170 2691 balneo
2204 2652 2310 2691 va-

789 2736 962 2813 poris
995 2754 1260 2815 sepone,
1308 2743 1447 2794 tum
1482 2735 1624 2794 oola
1657 2744 1719 2794 et
1750 2735 1975 2794 leviter
2008 2736 2309 2814 exprime.

792 2835 995 2911 Quam
1043 2837 1423 2908 colaturam‚
1475 2837 1711 2897 additis

614 2939 919 2999 Saeehari
950 2940 1230 3019 partibus
1276 2940 1508 3001 duabus
1538 2989 2299 2999 ..................
2404 2943 2467 3015 2,

790 3043 1100 3121 agitando
1166 3062 1368 3122 usque
1425 3062 1497 3102 eo
1555 3063 1860 3122 evapora,
1924 3053 2021 3113 ut,
2087 3062 2315 3122 spuma

790 3145 1064 3216 sublata,

614 3247 820 3307 Partes
866 3248 1062 3307 decem
1091 3297 2297 3308 ............................
2363 3252 2444 3309 10

438 3359 827 3407 remaneant.

525 3451 623 3510 Ne
669 3460 956 3531 paretur,
1006 3454 1127 3511 nisi
1174 3455 1638 3533 praescriptum
1686 3456 1819 3513 erit.
