<?xml version="1.0" encoding="UTF-8"?>
<!DOCTYPE html PUBLIC "-//W3C//DTD XHTML 1.0 Transitional//EN"
    "http://www.w3.org/TR/xhtml1/DTD/xhtml1-transitional.dtd">
<html xmlns="http://www.w3.org/1999/xhtml" xml:lang="en" lang="en">
 <head>
  <title>
</title>
<meta http-equiv="Content-Type" content="text/html;charset=utf-8" />
  <meta name='ocr-system' content='tesseract 3.04.00' />
  <meta name='ocr-capabilities' content='ocr_page ocr_carea ocr_par ocr_line ocrx_word'/>
</head>
<body>
  <div class='ocr_page' id='page_1' title='image "./pharmacopagerman00berluoft_0232.png"; bbox 0 0 2808 3996; ppageno 0'>
   <div class='ocr_carea' id='block_1_1' title="bbox 1434 257 1586 326">
    <p class='ocr_par' dir='ltr' id='par_1_1' title="bbox 1434 257 1586 326">
     <span class='ocr_line' id='line_1_1' title="bbox 1434 257 1586 326; baseline 0 0"><span class='ocrx_word' id='word_1_1' title='bbox 1434 257 1586 326; x_wconf 79' lang='lat'>214</span> 
     </span>
    </p>
   </div>
   <div class='ocr_carea' id='block_1_2' title="bbox 1155 432 1868 518">
    <p class='ocr_par' dir='ltr' id='par_1_2' title="bbox 1155 432 1868 518">
     <span class='ocr_line' id='line_1_2' title="bbox 1155 432 1868 518; baseline -0.001 -2"><span class='ocrx_word' id='word_1_2' title='bbox 1155 433 1440 517; x_wconf 82' lang='lat' dir='ltr'>Potio</span> <span class='ocrx_word' id='word_1_3' title='bbox 1502 432 1868 518; x_wconf 82' lang='lat' dir='ltr'>Riveri.</span> 
     </span>
    </p>
   </div>
   <div class='ocr_carea' id='block_1_3' title="bbox 673 577 2528 865">
    <p class='ocr_par' dir='ltr' id='par_1_3' title="bbox 673 577 2528 865">
     <span class='ocr_line' id='line_1_3' title="bbox 674 577 2528 660; baseline 0.002 -22"><span class='ocrx_word' id='word_1_4' title='bbox 674 577 854 638; x_wconf 87' lang='lat' dir='ltr'>Acidi</span> <span class='ocrx_word' id='word_1_5' title='bbox 900 578 1101 638; x_wconf 84' lang='lat' dir='ltr'>citrici</span> <span class='ocrx_word' id='word_1_6' title='bbox 1132 579 1412 658; x_wconf 75' lang='lat' dir='ltr'>partibus</span> <span class='ocrx_word' id='word_1_7' title='bbox 1458 584 1736 660; x_wconf 80' lang='lat' dir='ltr'>quattuor</span> <span class='ocrx_word' id='word_1_8' title='bbox 1772 626 2316 641; x_wconf 90' lang='grc'><strong>.............</strong></span> <span class='ocrx_word' id='word_1_9' title='bbox 2464 583 2528 659; x_wconf 87' lang='grc'>4,</span> 
     </span>
     <span class='ocr_line' id='line_1_4' title="bbox 850 701 919 740; baseline 0.014 -1"><span class='ocrx_word' id='word_1_10' title='bbox 850 701 919 740; x_wconf 82' lang='lat' dir='ltr'>ln</span> 
     </span>
     <span class='ocr_line' id='line_1_5' title="bbox 673 765 2504 865; baseline 0.003 -24"><span class='ocrx_word' id='word_1_11' title='bbox 673 786 892 861; x_wconf 81' lang='lat' dir='ltr'><strong>Aquae</strong></span> <span class='ocrx_word' id='word_1_12' title='bbox 932 783 1209 862; x_wconf 67' lang='lat' dir='ltr'>partibus</span> <span class='ocrx_word' id='word_1_13' title='bbox 1255 789 1479 844; x_wconf 75' lang='lat' dir='ltr'>centum</span> <span class='ocrx_word' id='word_1_14' title='bbox 1519 765 1840 865; x_wconf 69' lang='lat' dir='ltr'>nonayz‘ntd</span> <span class='ocrx_word' id='word_1_15' title='bbox 1859 831 2316 844; x_wconf 89' lang='grc'><strong>...........</strong></span> <span class='ocrx_word' id='word_1_16' title='bbox 2380 788 2504 846; x_wconf 87' lang='grc'>190</span> 
     </span>
    </p>
   </div>
   <div class='ocr_carea' id='block_1_4' title="bbox 496 885 2527 1478">
    <p class='ocr_par' dir='ltr' id='par_1_4' title="bbox 496 885 2527 1478">
     <span class='ocr_line' id='line_1_6' title="bbox 849 885 1318 956; baseline 0.004 -13"><span class='ocrx_word' id='word_1_17' title='bbox 849 886 1099 956; x_wconf 89' lang='lat' dir='ltr'>solutis,</span> <span class='ocrx_word' id='word_1_18' title='bbox 1150 885 1318 945; x_wconf 90' lang='lat' dir='ltr'>adde</span> 
     </span>
     <span class='ocr_line' id='line_1_7' title="bbox 671 986 2329 1068; baseline 0.002 -23"><span class='ocrx_word' id='word_1_19' title='bbox 671 988 729 1046; x_wconf 89' lang='lat' dir='ltr'><strong>N</strong></span> <span class='ocrx_word' id='word_1_20' title='bbox 734 986 877 1046; x_wconf 81' lang='lat' dir='ltr'>atrii</span> <span class='ocrx_word' id='word_1_21' title='bbox 933 988 1250 1047; x_wconf 86' lang='lat' dir='ltr'>carbonici</span> <span class='ocrx_word' id='word_1_22' title='bbox 1305 989 1756 1066; x_wconf 76' lang='lat' dir='ltr'>crystallorum</span> <span class='ocrx_word' id='word_1_23' title='bbox 1808 1009 2156 1068; x_wconf 86' lang='lat' dir='ltr'>parvorum</span> <span class='ocrx_word' id='word_1_24' title='bbox 2202 990 2329 1048; x_wconf 87' lang='lat' dir='ltr'>for-</span> 
     </span>
     <span class='ocr_line' id='line_1_8' title="bbox 1112 1092 2524 1170; baseline 0.001 -21"><span class='ocrx_word' id='word_1_25' title='bbox 1112 1111 1281 1149; x_wconf 90' lang='lat' dir='ltr'>mam</span> <span class='ocrx_word' id='word_1_26' title='bbox 1326 1092 1686 1170; x_wconf 85' lang='lat' dir='ltr'>praebentis</span> <span class='ocrx_word' id='word_1_27' title='bbox 1728 1097 1938 1170; x_wconf 77' lang='lat' dir='ltr'>partes</span> <span class='ocrx_word' id='word_1_28' title='bbox 1983 1111 2225 1151; x_wconf 77' lang='lat' dir='ltr'>novem.</span> <span class='ocrx_word' id='word_1_29' title='bbox 2258 1139 2269 1149; x_wconf 93' lang='lat'><strong><em>.</em></strong></span> <span class='ocrx_word' id='word_1_30' title='bbox 2302 1139 2313 1149; x_wconf 92' lang='lat'><strong>.</strong></span> <span class='ocrx_word' id='word_1_31' title='bbox 2464 1095 2524 1151; x_wconf 88' lang='lat'>9.</span> 
     </span>
     <span class='ocr_line' id='line_1_9' title="bbox 583 1192 2527 1271; baseline 0.001 -20"><span class='ocrx_word' id='word_1_32' title='bbox 583 1192 932 1271; x_wconf 85' lang='lat' dir='ltr'>Postquam</span> <span class='ocrx_word' id='word_1_33' title='bbox 1002 1193 1124 1252; x_wconf 91' lang='lat' dir='ltr'>hae</span> <span class='ocrx_word' id='word_1_34' title='bbox 1194 1194 1520 1253; x_wconf 87' lang='lat' dir='ltr'>moderate</span> <span class='ocrx_word' id='word_1_35' title='bbox 1591 1193 1984 1253; x_wconf 84' lang='lat' dir='ltr'>turbinando</span> <span class='ocrx_word' id='word_1_36' title='bbox 2046 1194 2219 1252; x_wconf 88' lang='lat' dir='ltr'>lente</span> <span class='ocrx_word' id='word_1_37' title='bbox 2282 1194 2527 1253; x_wconf 88' lang='lat' dir='ltr'>solutae</span> 
     </span>
     <span class='ocr_line' id='line_1_10' title="bbox 496 1296 1164 1365; baseline 0.003 -13"><span class='ocrx_word' id='word_1_38' title='bbox 496 1304 704 1365; x_wconf 89' lang='lat' dir='ltr'>erunt,</span> <span class='ocrx_word' id='word_1_39' title='bbox 754 1314 870 1354; x_wconf 88' lang='lat' dir='ltr'>vas</span> <span class='ocrx_word' id='word_1_40' title='bbox 919 1296 1164 1354; x_wconf 89' lang='lat' dir='ltr'>claude.</span> 
     </span>
     <span class='ocr_line' id='line_1_11' title="bbox 580 1397 1895 1478; baseline 0.002 -22"><span class='ocrx_word' id='word_1_41' title='bbox 580 1397 643 1456; x_wconf 84' lang='lat' dir='ltr'>N</span> <span class='ocrx_word' id='word_1_42' title='bbox 647 1417 679 1456; x_wconf 87' lang='lat' dir='ltr'>e</span> <span class='ocrx_word' id='word_1_43' title='bbox 723 1406 984 1477; x_wconf 85' lang='lat' dir='ltr'>paretur</span> <span class='ocrx_word' id='word_1_44' title='bbox 1030 1399 1153 1457; x_wconf 88' lang='lat' dir='ltr'>nisi</span> <span class='ocrx_word' id='word_1_45' title='bbox 1201 1398 1286 1457; x_wconf 89' lang='lat' dir='ltr'>ad</span> <span class='ocrx_word' id='word_1_46' title='bbox 1335 1398 1895 1478; x_wconf 80' lang='lat' dir='ltr'>dispensationem.</span> 
     </span>
    </p>
   </div>
   <div class='ocr_carea' id='block_1_5' title="bbox 741 1587 2273 1699">
    <p class='ocr_par' dir='ltr' id='par_1_5' title="bbox 741 1587 2273 1699">
     <span class='ocr_line' id='line_1_12' title="bbox 741 1587 2273 1699; baseline 0.001 -28"><span class='ocrx_word' id='word_1_47' title='bbox 741 1587 1050 1699; x_wconf 88' lang='lat' dir='ltr'>Pulpa</span> <span class='ocrx_word' id='word_1_48' title='bbox 1110 1588 1891 1673; x_wconf 85' lang='lat' dir='ltr'>Tamarindorum</span> <span class='ocrx_word' id='word_1_49' title='bbox 1955 1589 2273 1674; x_wconf 89' lang='lat' dir='ltr'>cruda.</span> 
     </span>
    </p>
   </div>
   <div class='ocr_carea' id='block_1_6' title="bbox 488 1734 2525 2328">
    <p class='ocr_par' dir='ltr' id='par_1_6' title="bbox 488 1734 2525 2328">
     <span class='ocr_line' id='line_1_13' title="bbox 579 1734 2525 1816; baseline 0.001 -23"><span class='ocrx_word' id='word_1_50' title='bbox 579 1734 788 1814; x_wconf 90' lang='lat' dir='ltr'>Pulpa</span> <span class='ocrx_word' id='word_1_51' title='bbox 844 1755 877 1794; x_wconf 91' lang='lat' dir='ltr'>e</span> <span class='ocrx_word' id='word_1_52' title='bbox 924 1734 1100 1796; x_wconf 90' lang='lat' dir='ltr'>fusco</span> <span class='ocrx_word' id='word_1_53' title='bbox 1155 1739 1346 1815; x_wconf 85' lang='lat' dir='ltr'>nigra</span> <span class='ocrx_word' id='word_1_54' title='bbox 1392 1737 1794 1816; x_wconf 79' lang='lat' dir='ltr'>siliquarum,</span> <span class='ocrx_word' id='word_1_55' title='bbox 1852 1756 2012 1816; x_wconf 89' lang='lat' dir='ltr'>quas</span> <span class='ocrx_word' id='word_1_56' title='bbox 2061 1737 2244 1796; x_wconf 86' lang='lat' dir='ltr'>offert</span> <span class='ocrx_word' id='word_1_57' title='bbox 2291 1738 2525 1796; x_wconf 87' lang='lat' dir='ltr'>Tama-</span> 
     </span>
     <span class='ocr_line' id='line_1_14' title="bbox 498 1836 2522 1918; baseline 0.001 -24"><span class='ocrx_word' id='word_1_58' title='bbox 498 1837 717 1896; x_wconf 79' lang='lat' dir='ltr'>rindns</span> <span class='ocrx_word' id='word_1_59' title='bbox 769 1836 1014 1914; x_wconf 76' lang='lat' dir='ltr'>Indica3</span> <span class='ocrx_word' id='word_1_60' title='bbox 1062 1857 1274 1898; x_wconf 87' lang='lat' dir='ltr'>massa</span> <span class='ocrx_word' id='word_1_61' title='bbox 1318 1839 1678 1918; x_wconf 87' lang='lat' dir='ltr'>paullulum</span> <span class='ocrx_word' id='word_1_62' title='bbox 1723 1847 1947 1909; x_wconf 81' lang='lat' dir='ltr'>tenax,</span> <span class='ocrx_word' id='word_1_63' title='bbox 1999 1839 2228 1910; x_wconf 91' lang='lat' dir='ltr'>mollis,</span> <span class='ocrx_word' id='word_1_64' title='bbox 2279 1840 2379 1897; x_wconf 87' lang='lat' dir='ltr'>cui</span> <span class='ocrx_word' id='word_1_65' title='bbox 2413 1838 2522 1897; x_wconf 90' lang='lat' dir='ltr'>ad-</span> 
     </span>
     <span class='ocr_line' id='line_1_15' title="bbox 492 1941 2522 2020; baseline 0 -22"><span class='ocrx_word' id='word_1_66' title='bbox 492 1941 692 1999; x_wconf 86' lang='lat' dir='ltr'>mixta</span> <span class='ocrx_word' id='word_1_67' title='bbox 761 1949 910 1999; x_wconf 89' lang='lat' dir='ltr'>sunt</span> <span class='ocrx_word' id='word_1_68' title='bbox 978 1960 1302 2020; x_wconf 80' lang='lat' dir='ltr'>perpauca</span> <span class='ocrx_word' id='word_1_69' title='bbox 1370 1943 1642 2010; x_wconf 84' lang='lat' dir='ltr'>semina,</span> <span class='ocrx_word' id='word_1_70' title='bbox 1714 1942 2144 2000; x_wconf 72' lang='lat' dir='ltr'>loculamenta</span> <span class='ocrx_word' id='word_1_71' title='bbox 2212 1943 2522 2000; x_wconf 86' lang='lat' dir='ltr'>seminum</span> 
     </span>
     <span class='ocr_line' id='line_1_16' title="bbox 490 2042 2523 2122; baseline 0 -22"><span class='ocrx_word' id='word_1_72' title='bbox 490 2061 910 2122; x_wconf 75' lang='lat' dir='ltr'>pergamena,</span> <span class='ocrx_word' id='word_1_73' title='bbox 962 2043 1150 2101; x_wconf 85' lang='lat' dir='ltr'>solidi</span> <span class='ocrx_word' id='word_1_74' title='bbox 1192 2042 1431 2103; x_wconf 78' lang='lat' dir='ltr'>fructus</span> <span class='ocrx_word' id='word_1_75' title='bbox 1472 2044 1756 2103; x_wconf 63' lang='lat' dir='ltr'>fasciculi</span> <span class='ocrx_word' id='word_1_76' title='bbox 1786 2064 2112 2114; x_wconf 85' lang='lat' dir='ltr'>vasorum,</span> <span class='ocrx_word' id='word_1_77' title='bbox 2164 2042 2523 2122; x_wconf 75' lang='lat' dir='ltr'>fragmenta</span> 
     </span>
     <span class='ocr_line' id='line_1_17' title="bbox 492 2143 2520 2226; baseline 0 -22"><span class='ocrx_word' id='word_1_78' title='bbox 492 2147 738 2204; x_wconf 77' lang='lat' dir='ltr'>corticis</span> <span class='ocrx_word' id='word_1_79' title='bbox 787 2143 922 2225; x_wconf 83' lang='lat' dir='ltr'>ejus</span> <span class='ocrx_word' id='word_1_80' title='bbox 970 2144 1233 2222; x_wconf 52' lang='lat' dir='ltr'>fragili&amp;</span> <span class='ocrx_word' id='word_1_81' title='bbox 1287 2166 1320 2204; x_wconf 90' lang='lat' dir='ltr'>e</span> <span class='ocrx_word' id='word_1_82' title='bbox 1366 2146 1544 2205; x_wconf 80' lang='lat' dir='ltr'>fusco</span> <span class='ocrx_word' id='word_1_83' title='bbox 1578 2148 1787 2225; x_wconf 80' lang='lat' dir='ltr'>grisei.</span> <span class='ocrx_word' id='word_1_84' title='bbox 1862 2147 2070 2226; x_wconf 89' lang='lat' dir='ltr'>Pulpa</span> <span class='ocrx_word' id='word_1_85' title='bbox 2100 2146 2520 2205; x_wconf 86' lang='lat' dir='ltr'>Tamarindo-</span> 
     </span>
     <span class='ocr_line' id='line_1_18' title="bbox 488 2248 1837 2328; baseline 0 -21"><span class='ocrx_word' id='word_1_86' title='bbox 488 2267 631 2307; x_wconf 86' lang='lat' dir='ltr'>rum</span> <span class='ocrx_word' id='word_1_87' title='bbox 680 2255 774 2307; x_wconf 88' lang='lat' dir='ltr'>est</span> <span class='ocrx_word' id='word_1_88' title='bbox 818 2248 1064 2328; x_wconf 89' lang='lat' dir='ltr'>saporis</span> <span class='ocrx_word' id='word_1_89' title='bbox 1110 2250 1256 2327; x_wconf 87' lang='lat' dir='ltr'>puri</span> <span class='ocrx_word' id='word_1_90' title='bbox 1306 2256 1367 2308; x_wconf 91' lang='lat' dir='ltr'>et</span> <span class='ocrx_word' id='word_1_91' title='bbox 1410 2248 1602 2308; x_wconf 87' lang='lat' dir='ltr'>valde</span> <span class='ocrx_word' id='word_1_92' title='bbox 1651 2248 1837 2308; x_wconf 86' lang='lat' dir='ltr'>acidi.</span> 
     </span>
    </p>
   </div>
   <div class='ocr_carea' id='block_1_7' title="bbox 664 2431 2346 2550">
    <p class='ocr_par' dir='ltr' id='par_1_7' title="bbox 664 2431 2346 2550">
     <span class='ocr_line' id='line_1_19' title="bbox 664 2431 2346 2550; baseline 0.001 -28"><span class='ocrx_word' id='word_1_93' title='bbox 664 2437 971 2549; x_wconf 90' lang='lat' dir='ltr'>Pulpa</span> <span class='ocrx_word' id='word_1_94' title='bbox 1023 2438 1800 2523; x_wconf 85' lang='lat' dir='ltr'>Tamarindorum</span> <span class='ocrx_word' id='word_1_95' title='bbox 1863 2431 2346 2550; x_wconf 82' lang='lat' dir='ltr'>depurata.</span> 
     </span>
    </p>
   </div>
   <div class='ocr_carea' id='block_1_8' title="bbox 487 2585 2519 2973">
    <p class='ocr_par' dir='ltr' id='par_1_8' title="bbox 487 2585 2519 2973">
     <span class='ocr_line' id='line_1_20' title="bbox 577 2585 2514 2665; baseline 0.001 -22"><span class='ocrx_word' id='word_1_96' title='bbox 577 2585 786 2665; x_wconf 89' lang='lat' dir='ltr'>Pulpa</span> <span class='ocrx_word' id='word_1_97' title='bbox 840 2585 1376 2645; x_wconf 86' lang='lat' dir='ltr'>Tamarindorum</span> <span class='ocrx_word' id='word_1_98' title='bbox 1433 2586 1658 2657; x_wconf 88' lang='lat' dir='ltr'>cruda,</span> <span class='ocrx_word' id='word_1_99' title='bbox 1733 2586 1956 2646; x_wconf 87' lang='lat' dir='ltr'>addita</span> <span class='ocrx_word' id='word_1_100' title='bbox 2011 2587 2198 2665; x_wconf 86' lang='lat' dir='ltr'>Aqua</span> <span class='ocrx_word' id='word_1_101' title='bbox 2250 2586 2514 2654; x_wconf 83' lang='lat' dir='ltr'>fervida,</span> 
     </span>
     <span class='ocr_line' id='line_1_21' title="bbox 490 2688 2517 2768; baseline 0 -22"><span class='ocrx_word' id='word_1_102' title='bbox 490 2688 907 2766; x_wconf 79' lang='lat' dir='ltr'>aequabiliter</span> <span class='ocrx_word' id='word_1_103' title='bbox 987 2689 1373 2760; x_wconf 78' lang='lat' dir='ltr'>emolliatur,</span> <span class='ocrx_word' id='word_1_104' title='bbox 1451 2697 1589 2749; x_wconf 84' lang='lat' dir='ltr'>tum</span> <span class='ocrx_word' id='word_1_105' title='bbox 1666 2708 1782 2768; x_wconf 88' lang='lat' dir='ltr'>per</span> <span class='ocrx_word' id='word_1_106' title='bbox 1851 2689 2131 2749; x_wconf 83' lang='lat' dir='ltr'>cribrum</span> <span class='ocrx_word' id='word_1_107' title='bbox 2201 2697 2517 2748; x_wconf 87' lang='lat' dir='ltr'>setaceum</span> 
     </span>
     <span class='ocr_line' id='line_1_22' title="bbox 487 2791 2516 2871; baseline 0 -23"><span class='ocrx_word' id='word_1_108' title='bbox 487 2791 860 2849; x_wconf 84' lang='lat' dir='ltr'>transmissa</span> <span class='ocrx_word' id='word_1_109' title='bbox 912 2792 982 2849; x_wconf 90' lang='lat' dir='ltr'>in</span> <span class='ocrx_word' id='word_1_110' title='bbox 1034 2810 1186 2850; x_wconf 82' lang='lat' dir='ltr'>vase</span> <span class='ocrx_word' id='word_1_111' title='bbox 1233 2792 1664 2871; x_wconf 85' lang='lat' dir='ltr'>porcellanico</span> <span class='ocrx_word' id='word_1_112' title='bbox 1718 2791 1954 2851; x_wconf 89' lang='lat' dir='ltr'>balneo</span> <span class='ocrx_word' id='word_1_113' title='bbox 1998 2793 2257 2871; x_wconf 82' lang='lat' dir='ltr'>vaporis</span> <span class='ocrx_word' id='word_1_114' title='bbox 2305 2811 2516 2870; x_wconf 86' lang='lat' dir='ltr'>super-</span> 
     </span>
     <span class='ocr_line' id='line_1_23' title="bbox 488 2892 2519 2973; baseline -0 -21"><span class='ocrx_word' id='word_1_115' title='bbox 488 2894 694 2971; x_wconf 91' lang='lat' dir='ltr'>posito</span> <span class='ocrx_word' id='word_1_116' title='bbox 759 2892 841 2952; x_wconf 89' lang='lat' dir='ltr'>ad</span> <span class='ocrx_word' id='word_1_117' title='bbox 903 2892 1274 2952; x_wconf 81' lang='lat' dir='ltr'>Extractum</span> <span class='ocrx_word' id='word_1_118' title='bbox 1338 2894 1613 2972; x_wconf 83' lang='lat' dir='ltr'>spissum</span> <span class='ocrx_word' id='word_1_119' title='bbox 1690 2893 2102 2973; x_wconf 85' lang='lat' dir='ltr'>evaporando</span> <span class='ocrx_word' id='word_1_120' title='bbox 2166 2893 2519 2972; x_wconf 56' lang='lat' dir='ltr'>redigaturss</span> 
     </span>
    </p>
   </div>
   <div class='ocr_carea' id='block_1_9' title="bbox 491 2995 2492 3260">
    <p class='ocr_par' dir='ltr' id='par_1_9' title="bbox 491 2995 2492 3260">
     <span class='ocr_line' id='line_1_24' title="bbox 664 2995 2492 3077; baseline 0.002 -24"><span class='ocrx_word' id='word_1_121' title='bbox 664 2995 905 3074; x_wconf 87' lang='lat' dir='ltr'>Pulpae</span> <span class='ocrx_word' id='word_1_122' title='bbox 951 2996 1137 3072; x_wconf 86' lang='lat' dir='ltr'>hujus</span> <span class='ocrx_word' id='word_1_123' title='bbox 1187 2997 1390 3054; x_wconf 87' lang='lat' dir='ltr'>adhuc</span> <span class='ocrx_word' id='word_1_124' title='bbox 1438 2995 1700 3054; x_wconf 78' lang='lat' dir='ltr'>calentis</span> <span class='ocrx_word' id='word_1_125' title='bbox 1742 2995 2012 3074; x_wconf 72' lang='lat' dir='ltr'>partibus</span> <span class='ocrx_word' id='word_1_126' title='bbox 2050 2998 2238 3077; x_wconf 73' lang='lat' dir='ltr'>quinis</span> <span class='ocrx_word' id='word_1_127' title='bbox 2454 3001 2492 3056; x_wconf 89' lang='lat'>5</span> 
     </span>
     <span class='ocr_line' id='line_1_25' title="bbox 664 3097 2490 3178; baseline 0 -20"><span class='ocrx_word' id='word_1_128' title='bbox 664 3098 967 3158; x_wconf 88' lang='lat' dir='ltr'>Sacchari</span> <span class='ocrx_word' id='word_1_129' title='bbox 1013 3098 1327 3176; x_wconf 85' lang='lat' dir='ltr'>pulverati</span> <span class='ocrx_word' id='word_1_130' title='bbox 1367 3103 1576 3177; x_wconf 76' lang='lat' dir='ltr'>partes</span> <span class='ocrx_word' id='word_1_131' title='bbox 1622 3097 1883 3178; x_wconf 68' lang='lat' dir='ltr'>Sinyulae</span> <span class='ocrx_word' id='word_1_132' title='bbox 1937 3146 2392 3157; x_wconf 87' lang='grc'><strong>...........</strong></span> <span class='ocrx_word' id='word_1_133' title='bbox 2457 3103 2490 3158; x_wconf 92' lang='lat' dir='ltr'>l</span> 
     </span>
     <span class='ocr_line' id='line_1_26' title="bbox 491 3200 977 3260; baseline 0.002 -2"><span class='ocrx_word' id='word_1_134' title='bbox 491 3200 977 3260; x_wconf 85' lang='lat' dir='ltr'>admisceantur.</span> 
     </span>
    </p>
   </div>
   <div class='ocr_carea' id='block_1_10' title="bbox 574 3301 2515 3484">
    <p class='ocr_par' dir='ltr' id='par_1_10' title="bbox 574 3301 2515 3484">
     <span class='ocr_line' id='line_1_27' title="bbox 577 3301 2055 3381; baseline -0.001 -20"><span class='ocrx_word' id='word_1_135' title='bbox 577 3302 672 3362; x_wconf 80' lang='lat' dir='ltr'>Sit</span> <span class='ocrx_word' id='word_1_136' title='bbox 720 3322 751 3361; x_wconf 92' lang='lat' dir='ltr'>e</span> <span class='ocrx_word' id='word_1_137' title='bbox 797 3304 982 3381; x_wconf 83' lang='lat' dir='ltr'>nigro</span> <span class='ocrx_word' id='word_1_138' title='bbox 1029 3301 1236 3373; x_wconf 86' lang='lat' dir='ltr'>fusca,</span> <span class='ocrx_word' id='word_1_139' title='bbox 1287 3303 1532 3381; x_wconf 87' lang='lat' dir='ltr'>saporis</span> <span class='ocrx_word' id='word_1_140' title='bbox 1581 3303 1773 3372; x_wconf 84' lang='lat' dir='ltr'>acidi,</span> <span class='ocrx_word' id='word_1_141' title='bbox 1825 3305 2055 3362; x_wconf 79' lang='lat' dir='ltr'>suavis</span> 
     </span>
     <span class='ocr_line' id='line_1_28' title="bbox 574 3403 2515 3484; baseline 0.002 -22"><span class='ocrx_word' id='word_1_142' title='bbox 574 3405 885 3463; x_wconf 87' lang='lat' dir='ltr'>Bacillum</span> <span class='ocrx_word' id='word_1_143' title='bbox 941 3403 1213 3464; x_wconf 88' lang='lat' dir='ltr'>ferreum</span> <span class='ocrx_word' id='word_1_144' title='bbox 1280 3406 1579 3484; x_wconf 88' lang='lat' dir='ltr'>politum,</span> <span class='ocrx_word' id='word_1_145' title='bbox 1637 3405 1813 3483; x_wconf 91' lang='lat' dir='ltr'>quod</span> <span class='ocrx_word' id='word_1_146' title='bbox 1874 3407 1942 3463; x_wconf 91' lang='lat' dir='ltr'>in</span> <span class='ocrx_word' id='word_1_147' title='bbox 1997 3405 2271 3484; x_wconf 89' lang='lat' dir='ltr'>Pulpam</span> <span class='ocrx_word' id='word_1_148' title='bbox 2328 3406 2515 3484; x_wconf 86' lang='lat' dir='ltr'>Aqua</span> 
     </span>
    </p>
   </div>
  </div>
 </body>
</html>
