2808 3996
1414 232 1460 302 9

421 409 475 468 si
519 406 708 467 Aeidi
763 407 1048 468 sulfuriei
1102 410 1457 470 centimetros
1513 409 1742 470 cubz'cos
1794 411 2047 491 quinque
2100 410 2444 470 addideris.

420 510 782 570 Reaetionis
852 509 1042 569 finem
1111 510 1349 570 sactum
1422 531 1554 571 esse
1626 531 1699 571 eo
1764 514 2194 590 cognoscitur,
2274 513 2443 591 quod

421 612 648 672 eharta
723 611 973 683 bibula,
1054 612 1330 692 Liquore
1401 613 1621 692 Amyli
1688 614 2108 672 volumetrieo
2181 614 2445 685 imbuta,

419 714 641 776 addito
710 715 960 794 liquore
1015 714 1281 787 ffltrat0‚
1355 715 1633 776 colorem
1699 716 2059 775 caeruleum
2115 714 2255 795 jam
2320 735 2446 776 non

421 818 613 878 ducit.

429 967 437 972 .
508 922 709 980 Caute
754 928 1057 980 servetur.

891 1232 1295 1343 Acidum
1359 1255 1970 1341 chromieum.

507 1427 826 1509 Crystalla
884 1435 1204 1504 eoeeinea,
1262 1433 1496 1504 nitida,
1565 1436 1710 1492 aere
1766 1432 2293 1512 deliquescentia,
2347 1431 2451 1491 vel

418 1551 630 1592 massa
677 1535 907 1596 eoloris
956 1536 1188 1596 elarius
1235 1535 1441 1607 rubri,
1499 1536 1676 1606 laxa,
1732 1535 1984 1604 lanosa3
2043 1536 2110 1593 in
2159 1534 2345 1612 Aqua
2392 1546 2454 1594 et

419 1635 660 1715 Spiritu
707 1637 893 1698 facile
940 1640 1292 1699 solvuntur.
1384 1638 1662 1698 Aeidum
1709 1636 2127 1698 fervefactum.
2175 1637 2450 1696 colorem

419 1737 853 1800 obscuriorem
878 1741 1056 1802 ducit
1089 1750 1149 1801 et
1173 1742 1580 1821 Oxygenium
1606 1742 1899 1800 emittens
1932 1741 2241 1819 liquescit.
2293 1738 2451 1799 Cum

418 1839 623 1902 Aeido
670 1843 1172 1922 hydroehlorieo
1223 1843 1600 1904 calefactum
1649 1843 1956 1903 Chiorum
2006 1844 2249 1902 emittit.

505 1945 609 2005 Ad
642 1965 829 2006 usum
853 1946 1130 2007 Aeidum
1164 1947 1559 2006 ehromieum
1594 1948 1659 2005 in
1683 1945 1909 2025 Aquae
1925 1945 2195 2026 pondere
2223 1942 2457 2026 aequali

418 2047 695 2107 solutum
743 2051 808 2108 in
853 2058 1159 2130 promptu
1205 2049 1445 2109 habere
1491 2049 1657 2108 lieet.

508 2152 708 2211 Caute
754 2160 1056 2212 servetur.

976 2489 1374 2574 Aridum
1439 2487 1895 2573 eitrieum.

507 2664 827 2743 Crystalla
859 2665 1149 2744 grandia,
1186 2665 1417 2724 eoloris
1451 2665 1766 2743 expertia,
1819 2663 2176 2743 diaphana,
2215 2664 2276 2721 in
2310 2665 2452 2720 aere

421 2769 849 2847 persistentia3
901 2769 1110 2827 calore
1148 2768 1276 2827 leni
1311 2766 1714 2837 dilabuntur,
1765 2766 1977 2825 ealore
2010 2767 2256 2823 circiter
2296 2765 2447 2822 1650

422 2870 797 2949 liquescunt,
848 2869 1225 2930 candefaeta
1273 2869 1755 2929 carboneseunt.
1838 2868 2036 2948 Cujus
2077 2866 2262 2926 Aemi
2303 2885 2453 2944 pars

422 2992 541 3032 una
595 2972 677 3031 ad
735 2973 1114 3033 solutionem
1176 2972 1396 3052 Aquae
1440 2977 1650 3051 ‚partes
1703 2969 1858 3047 0,54‚
1917 2971 2189 3049 Spiritus
2251 2988 2450 3042 meam,

424 3073 717 3134 Aetheris
748 3076 891 3156 sere
936 3076 1361 3156 quinquaqinta
1406 3075 1689 3152 requirit.

510 3176 756 3236 Solutio
797 3197 1063 3255 aquosa,
1101 3177 1288 3255 Aqua
1323 3175 1646 3235 Calcariae
1680 3173 1939 3233 abunde
1972 3173 2279 3241 admixta,
2316 3190 2449 3251 per-

425 3288 638 3338 manet
669 3279 967 3358 limpida3
1018 3278 1360 3339 fervefacta
1395 3278 1507 3336 dat
1539 3276 1962 3335 sedimentum
1998 3275 2236 3344 album,
2279 3272 2450 3351 quod

425 3379 866 3460 refrigeratum
915 3400 1118 3461 paene
1166 3400 1427 3460 prorsus
1477 3379 1830 3438 resolvitur.

2073 3502 2099 3545 2
