2808 3996
1475 243 1624 313 186

629 422 791 481 Salis
834 422 1202 503 qr'ammata‘
1226 421 1370 497 α’ῑιο,
1407 422 1627 481 *soluta
1658 423 1726 480 in
1759 422 2097 482 σεηίίνηείνὶδ
2130 420 2341 482 cubicis
2373 421 2568 481 decem

539 522 725 582 Acidi
750 523 1037 583 sulfurici
1065 520 1266 595 diluti,
1302 525 1373 594 si,
1409 523 1741 583 Solutione
1763 523 1804 583 J
1806 523 1914 584 odi
1940 530 2000 583 et
2023 523 2217 582 Zinco
2243 522 2566 592 admixtiS‚

542 625 811 685 eandem
857 627 1198 697 rationem,
1264 644 1458 704 quam
1504 625 1571 684 in
1614 624 1822 684 Acido
1869 623 2367 704 hydrochlorico
2424 643 2568 684 exa-

539 727 875 799 minandO,
918 737 1168 787 secutus
1203 729 1348 798 eris,
1393 727 1684 786 chartam
1717 727 2033 786 solutione
2064 727 2332 805 Argenti
2362 726 2569 785 nitrici

541 837 948 890 concentrata
996 831 1052 906 (1
1092 855 1165 882 =
1202 829 1260 905 2)
1308 828 1621 888 imbutam
1667 849 1747 888 ne
1780 836 2043 888 mutent.

773 1048 859 1132 N
861 1048 1197 1132 atrium
1262 1046 1874 1132 carbonicum
1936 1047 2354 1133 crudum.

628 1208 947 1287 Crystalla
1000 1208 1300 1288 grandia,
1358 1210 1587 1269 coloris
1645 1210 1932 1289 expertia
1986 1209 2092 1268 vel
2142 1228 2385 1268 massae
2433 1228 2570 1288 cry-

539 1311 860 1382 stallinae,
897 1313 1237 1372 reactionis
1270 1312 1609 1383 alcalinae‚
1646 1315 1791 1372 aere
1816 1311 2196 1372 fatiscentes.
2247 1311 2321 1370 In
2347 1311 2571 1390 Aquae

525 1412 803 1491 partibus
852 1413 1032 1475 tribus
1079 1415 1441 1485 solvuntur,
1501 1415 1567 1473 in
1616 1413 1818 1475 acidis
1876 1415 1966 1474 ita
2012 1424 2082 1474 ut
2129 1414 2568 1481 effe1·vescant;

538 1517 595 1575 in
628 1515 907 1595 partibus
969 1522 1194 1578 centum
1246 1537 1327 1576 ne
1375 1518 1583 1577 minus
1630 1537 1826 1596 quam
1867 1523 2079 1597 partes
2141 1518 2374 1598 triyirzla
2420 1515 2571 1577 duas

537 1617 600 1677 N
604 1619 748 1677 atrii
796 1618 1118 1679 carbonici
1165 1619 1446 1699 anhydri
1494 1621 1836 1680 continent.

773 1838 859 1921 N
860 1837 1197 1949 atrium
1260 1838 1871 1924 carbonicum
1935 1839 2323 1925 siccum.

626 1998 687 2057 N
693 2001 921 2058 atrium
970 1999 1382 2059 carbonicum
1415 2019 1634 2080 grosse
1667 2003 2005 2062 contritum
2058 2002 2252 2061 calori
2290 2002 2410 2062 250-
2440 2021 2570 2061 non

541 2101 870 2161 excedenti
927 2104 1016 2162 ita
1070 2121 1345 2183 expone,
1402 2111 1473 2164 ut
1519 2123 1559 2164 a
1608 2105 1874 2185 pulvere
1927 2112 2164 2165 tectum
2219 2105 2318 2164 sit.
2412 2103 2570 2164 Cum

537 2204 729 2283 plane
787 2203 1106 2285 dilapsum
1162 2207 1305 2276 erit,
1373 2207 1582 2267 calore
1639 2207 1718 2267 40
1785 2207 1867 2268 ad
1927 2208 2047 2268 500
2101 2208 2292 2277 sicca,
2358 2205 2570 2286 quoad

529 2307 768 2385 pondus
814 2307 1115 2369 dimidium
1174 2310 1479 2381 amiserit,
1538 2309 1814 2390 denique
1867 2330 1983 2391 per
2039 2309 2316 2370 cribrum
2370 2318 2569 2370 trans·

539 2410 733 2468 mitte.

627 2511 845 2571 Pulvis
894 2513 1106 2585 albim,
1157 2513 1439 2585 subtilis,
1489 2515 1694 2575 laxus.

627 2612 1135 2694 Quotiescunque
1203 2617 1262 2675 N
1270 2619 1502 2677 atrium
1588 2618 1999 2678 carbonicum
2070 2616 2154 2677 ad
2231 2618 2570 2678 mixtiones

538 2716 904 2794 pulveratas
950 2720 1414 2799 praescriptum
1463 2721 1606 2792 erit,
1654 2720 1718 2779 N
1721 2722 1952 2780 atrium
2000 2720 2410 2780 carbonicum
2455 2721 2568 2780 sic-

540 2837 683 2876 cum
732 2818 1234 2899 dispensandum
1285 2829 1395 2881 est.

1036 3025 1123 3109 N
1125 3025 1463 3111 atrium
1526 3024 2078 3113 chloratum.

627 3183 946 3263 Crystalla
993 3186 1171 3257 alba,
1223 3188 1448 3248 cubica
1492 3187 1599 3248 vel
1635 3189 1850 3268 pulvis
1883 3190 2290 3270 crystallinus
2322 3192 2566 3270 saporis

539 3286 713 3357 salsi,
771 3287 837 3345 in
869 3287 1148 3366 partibus
1192 3288 1303 3366 2,7
1347 3289 1572 3370 Aquae
1619 3291 1928 3352 solubilis.
2022 3292 2235 3352 Ansae
2286 3291 2379 3353 fili
2424 3294 2566 3373 ‘pla-

537 3389 692 3447 tinei
740 3388 1031 3462 affixum,
1065 3391 1362 3452 Natrium
1394 3393 1755 3455 chloratum
1784 3394 2110 3455 flammam
2141 3396 2353 3456 colore
2396 3394 2564 3455 flavo
