2808 3996
1382 262 1529 335 293

457 433 865 497 ebullientem
911 439 1207 500 immersa
1251 451 1585 521 terguntur
1630 457 1691 506 et
1722 448 2052 509 siccantur.
2125 448 2259 526 Quo
2291 450 2457 512 facto

454 537 708 599 Tubera
769 550 918 602 sunt
976 545 1364 606 witimarum
1426 547 1723 610 dimidium
1771 550 1853 611 ad
1922 551 2038 611 duo
2085 572 2318 625 crassa,
2375 554 2457 615 ad

453 643 809 705 centimetros
852 663 1169 706 summum
1215 654 1489 730 quattuor
1541 650 1759 731 longa,
1817 654 2142 733 superficie
2186 656 2457 735 plerum-

452 763 577 824 que
637 747 930 826 paullum
995 769 1248 830 aspera,
1306 751 1534 813 coloris
1590 754 1773 827 clari,
1832 774 1865 815 e
1919 755 2215 817 subfusco
2271 759 2459 837 grisei

450 847 555 907 vel
610 847 861 923 flavidi3
906 854 1141 913 vertice
1188 856 1419 933 stigma
1466 875 1750 935 gemmae
1798 858 2084 918 caulinae
2129 860 2453 939 praebent.

450 949 635 1023 Tela,
685 973 765 1014 ne
810 955 981 1015 intus
1028 955 1286 1035 quidem
1331 958 1537 1038 pulla,
1589 958 1922 1020 durissima
1969 970 2061 1021 est
2107 971 2168 1022 et
2199 982 2454 1034 cornea3

449 1052 705 1115 Tubera
760 1056 953 1139 Salep
1009 1059 1370 1139 pulverata,
1428 1063 1481 1120 si
1537 1082 1678 1122 cum
1726 1063 1996 1142 partibus
2040 1065 2456 1146 quinquaqinta

448 1157 672 1237 Aquae
749 1162 1018 1234 coxeriS,
1095 1163 1543 1242 mucilaginem
1618 1167 1910 1238 inertem,
1988 1166 2456 1244 refrigeratione

449 1259 617 1321 facta
662 1264 816 1323 satis
854 1264 1126 1344 rigidam
1170 1266 1475 1339 efficiunt,
1509 1287 1672 1347 quae
1701 1268 1868 1329 Jodo
1902 1268 2149 1351 adjecto
2182 1270 2453 1329 colorem

450 1365 811 1427 caeruleum
857 1367 1073 1429 trahit.

1194 1708 1714 1824 Unguenta.

531 1883 607 1944 In
651 1884 1003 1966 Unguentis
1034 1888 1340 1968 parandis
1370 1890 1460 1950 ita
1488 1890 1961 1971 procedendum
1995 1897 2111 1962 est,
2144 1897 2215 1949 ut
2245 1897 2454 1969 partes

447 1986 766 2049 difficilius
820 1990 1236 2070 liquescentes
1293 2011 1409 2073 per
1461 2012 1527 2053 se
1580 2002 1714 2066 aut,
1784 2002 2119 2074 postquam
2167 1992 2452 2072 paullum

444 2090 939 2154 substantiarum
1015 2093 1263 2154 facilius
1319 2095 1798 2175 liquescentium
1856 2094 2188 2176 adjeceriS,
2261 2095 2451 2172 lique·
2504 2164 2507 2167 ¹

445 2192 637 2255 facias
684 2203 747 2256 et
774 2205 910 2256 tum
944 2195 1200 2257 demum
1231 2196 1478 2259 facilius
1509 2198 1924 2279 liquescentes
1970 2217 2212 2258 massae
2260 2197 2451 2276 liquo—

444 2296 647 2358 factae
693 2289 1028 2378 paullatim
1077 2299 1299 2373 addas,
1349 2319 1475 2380 qua
1519 2302 1583 2361 in
1623 2320 1691 2361 re
1724 2320 1877 2362 cave
1906 2319 2003 2372 ne,
2051 2300 2171 2359 nisi
2203 2318 2451 2358 necesse

442 2401 540 2472 sit,
590 2401 865 2461 calorem
912 2421 1162 2483 augeas.

529 2502 867 2584 Unguenta
910 2506 1354 2567 tantummodo
1402 2527 1435 2567 e
1482 2527 1625 2568 cera
1671 2516 1780 2568 aut
1823 2509 2031 2568 resina
2076 2527 2214 2567 cum
2265 2504 2450 2584 adipe

442 2606 546 2667 vel
598 2607 738 2668 oleo
793 2611 1166 2689 composita,
1221 2610 1512 2691 partibus
1569 2610 1832 2690 singulis
1890 2606 2449 2689 colliquefaciendo

443 2709 747 2783 confusis,
780 2721 1086 2793 perpetuo
1119 2714 1318 2793 agita,
1353 2712 1565 2794 quoad
1596 2714 1787 2794 plane
1834 2711 2201 2791 refrigerata
2248 2720 2445 2770 erunt.

442 2812 841 2874 Substantias
894 2814 1145 2895 Aquam
1203 2817 1590 2876 continentes
1645 2814 1997 2894 Unguentis
2044 2813 2447 2891 refrigescen-

439 2915 609 2976 tibus
679 2917 981 2996 agitando
1044 2918 1339 2980 admisce.
1457 2919 1523 2980 Si
1590 2918 1973 2979 substantias
2040 2914 2447 2997 pulviforincs

442 3018 633 3100 adjici
688 3029 973 3100 oportet,
1029 3020 1149 3082 has
1203 3022 1608 3083 subtilissime
1654 3021 2018 3101 pulveratas
2065 3028 2149 3091 et,
2197 3020 2249 3078 si
2289 3038 2446 3098 opus

440 3122 655 3195 fuerit,
687 3123 876 3202 Aqua
919 3124 1272 3204 laevigatas
1303 3127 1391 3186 ita
1423 3124 1685 3194 adhibe,
1735 3132 1804 3183 ut
1835 3131 2019 3182 antea
2049 3141 2188 3181 cum
2224 3122 2446 3200 exiguo

441 3226 595 3286 Oleo
641 3226 745 3286 vel
791 3225 1127 3306 Unguento
1173 3227 1513 3307 liquefacto
1561 3226 1903 3304 aequaliter
1948 3233 2246 3284 conteras.

527 3328 827 3390 Extracta
857 3339 965 3389 aut
988 3330 1169 3402 sales,
1195 3332 1564 3410 priusquam
1592 3329 1939 3404 Unguentis
1964 3326 2440 3397 admisceantur,

442 3451 581 3491 cum
654 3433 881 3512 exigua
941 3433 1127 3512 Aqua
1181 3432 1564 3495 conterenda
1617 3441 1722 3492 aut
1780 3431 1841 3490 in
1899 3430 2081 3508 Aqua
2140 3426 2442 3487 solvenda
