2808 3996
1382 277 1477 347 70

409 446 678 542 Liquore
711 461 1034 525 Ammonii
1066 461 1326 519 eaustiei
1359 459 1613 519 abunde
1643 467 2023 540 temperata,
2060 463 2434 522 solutionem

410 565 771 644 limpidam,
821 565 1063 622 intense
1112 563 1466 621 Caeruleam
1514 563 1837 642 praebeat.
1935 564 2126 644 Cupri
2173 566 2437 643 oxydati

405 687 685 749 {stamma
731 685 911 725 unum
969 667 1022 723 si
1078 665 1402 724 Centlmelro
1460 664 1660 724 cubico
1706 685 1824 724 uno
1872 665 2216 725 Solutionis
2262 667 2436 726 Ferri

410 769 696 829 sulfuriei
754 766 1186 846 superfuderis
1245 774 1434 844 atque
1492 767 1882 826 centimetrum
1935 768 2199 828 cubicum
2254 790 2432 829 umam

414 871 600 931 Aeidi
648 869 932 929 sulfuriei
977 869 1144 926 lente
1192 867 1576 938 addideriS,-
1612 888 1772 927 zona
1827 870 2206 929 intermedia
2260 870 2438 930 fusea

412 994 491 1033 ne
539 975 794 1032 oriatur.

502 1077 700 1133 Caute
748 1081 1051 1133 servetur.

901 1262 1317 1375 Cuprum
1380 1263 1956 1349 sulfurieum.

503 1427 821 1506 Crystalla
876 1426 1190 1497 caerulea,
1259 1426 1607 1504 pellucida,
1677 1430 1819 1485 aere
1877 1429 2041 1487 sicco
2095 1448 2226 1488 non
2280 1429 2438 1488 mul—

411 1539 548 1589 tum
594 1529 977 1597 fatiscentia,
1028 1530 1093 1586 in
1127 1529 1406 1607 partibus
1451 1527 1559 1604 3,έῖ
1597 1529 1815 1607 Aquae
1862 1529 2158 1609 frigidae,
2208 1533 2273 1591 in
2319 1552 2441 1591 uua

415 1633 775 1691 ebullientis
824 1630 1149 1700 solubilia,
1201 1632 1263 1688 in
1299 1631 1536 1709 Spiritu
1585 1652 1714 1690 non
1761 1634 1928 1691 item.
2027 1633 2094 1691 In
2129 1634 2440 1693 solutione

415 1754 654 1813 aquosa
714 1733 925 1812 Baryo
996 1735 1223 1792 nitrieo
1294 1733 1718 1792 sedimentum
1791 1735 2039 1805 album,
2113 1738 2178 1794 in
2239 1736 2440 1796 Aeido

413 1837 910 1915 hydroehlorieo
956 1855 1086 1894 non
1134 1835 1432 1905 solubile,
1490 1836 1762 1913 Liquore
1810 1837 2134 1897 Ammonii
2181 1840 2441 1900 eaustiei

416 1939 668 1999 abunde
696 1938 894 1997 affuso
928 1937 1137 2015 liquor
1170 1937 1492 2016 limpidus,
1523 1940 1766 1996 intense
1793 1940 2118 1999 caeruleus
2152 1940 2435 2002 efficitur.

504 2042 714 2120 Cupro
794 2043 858 2099 in
937 2041 1249 2099 solutione
1328 2060 1568 2118 aquosa
1639 2041 2052 2120 Hydrogenio
2130 2043 2440 2104 sulfurato

415 2146 858 2224 praecipitatO,
909 2143 1119 2220 liquor
1169 2143 1397 2202 eoloris
1441 2162 1694 2222 expers„
1746 2163 1933 2222 quem
1967 2143 2266 2207 filtrando
2301 2147 2442 2206 effe-

418 2250 597 2317 eeriS,
650 2254 1030 2324 evaporatus
1077 2245 1400 2304 residuum
1446 2265 1525 2304 ne
1572 2246 1909 2324 relinquat.

507 2351 705 2407 Caute
753 2356 1056 2410 servetur.

505 2451 696 2511 Dosis
743 2451 1021 2509 maxima
1068 2450 1321 2528 singula
1374 2455 1487 2527 l,0.

675 2655 1092 2766 Cuprum
1154 2655 1706 2741 sulfurieum
1769 2658 2186 2744 crudum.

507 2818 826 2896 Crystalla
859 2817 1166 2887 caerulea,
1216 2817 1591 2897 plerumque
1625 2819 1916 2895 grandia,
1965 2820 2288 2899 pellucida
2335 2831 2445 2880 aut

420 2930 666 2980 crustae
715 2920 1146 2998 crystallinae,
1198 2939 1359 2998 quae
1406 2921 1694 2999 paullum
1743 2921 2063 2982 fatiscunt.

507 3022 579 3081 In
601 3022 876 3101 partibus
906 3020 1015 3098 3,5
1047 3021 1269 3099 Aquae
1303 3021 1599 3099 frigidae,
1635 3025 1698 3081 in
1731 3044 1852 3083 mm
1886 3025 2245 3086 ebullientis
2277 3027 2441 3085 solu-

418 3125 545 3184 bile
580 3132 689 3187 est.
740 3123 913 3198 Quae
938 3124 1167 3182 solutio
1191 3126 1530 3183 reaetionis
1556 3125 1794 3194 acidae,
1822 3126 2094 3204 Liquore
2119 3127 2442 3187 Ammonii

421 3229 676 3286 eaustiei
739 3225 993 3285 abunde
1059 3226 1309 3298 addim,
1380 3228 1690 3305 liquorem
1757 3229 1997 3287 intense
2062 3230 2439 3302 caeruleum,

419 3328 757 3406 limpidum
803 3328 909 3397 Vel
954 3347 1158 3406 paene
1206 3330 1545 3408 limpidum
1594 3329 1800 3388 efficit.

511 3432 708 3488 Caute
756 3438 1054 3488 servetur.
