2808 3996
1347 270 1494 341 277

500 447 807 508 Tinctura
840 449 1070 509 coloris
1108 447 1404 528 perfusci‚
1447 469 1577 509 non
1613 448 1939 530 pellucida
1974 449 2096 510 nisi
2132 451 2199 510 in
2233 449 2436 510 latum

414 549 631 621 effusa,
703 553 947 631 saporis
1007 553 1343 630 peramari‚
1407 551 1622 611 odoris
1675 551 1853 612 haud
1909 551 2204 612 distincti.
2299 551 2437 625 Qua

413 672 557 711 cum
616 652 838 731 Aquae
895 661 956 712 et
1006 652 1294 732 Liquoris
1358 652 1676 713 Ammonii
1731 655 1988 714 caustici
2043 654 2435 733 singulorum

411 753 697 814 volumine
742 754 979 837 aequali
1022 757 1390 827 commixta,
1449 755 1917 816 Chinioidinum
1963 756 2434 836 praecipitatur,

415 855 569 916 dum
614 857 826 936 liquor
869 858 1007 938 ipse
1053 857 1327 917 flavidus
1373 866 1672 918 remanet.

867 1164 1323 1251 Tinctum
1383 1161 1995 1251 Cilmamomi.

769 1325 867 1386 Ex

591 1428 860 1488 Corticis
910 1428 1307 1488 Cinnamomi
1347 1434 1523 1508 parte
1566 1447 1688 1489 una
1728 1475 2313 1487 ..............
2380 1430 2414 1485 1

771 1539 832 1592 et

591 1634 873 1715 Spiritus
922 1634 1106 1694 diluti
1144 1633 1416 1714 partibus
1461 1635 1713 1716 quinque
1731 1678 2316 1692 ..............
2379 1633 2418 1689 5

767 1738 1078 1817 paranda.

500 1840 809 1901 Tinctura
870 1841 1098 1900 coloris
1162 1859 1195 1899 e
1254 1839 1450 1898 rubro
1506 1837 1695 1907 fusci,
1755 1836 1999 1915 saporis
2055 1834 2443 1894 subdulciter

416 1945 768 2015 aromatici,
816 1943 1177 2023 paullulum
1225 1941 1466 2011 acerbi,
1515 1940 1724 2020 qualis
1773 1946 1867 1998 est
1912 1936 2171 1997 Corticis
2218 1936 2440 1996 Cinna-

415 2049 627 2107 momi.

942 2321 1401 2408 Tinctura
1461 2315 1916 2405 Colchici.

772 2487 868 2546 Ex

594 2589 874 2651 Seminis
924 2585 1197 2646 Colchici
1235 2590 1415 2665 parte
1458 2604 1579 2644 una
1599 2627 2270 2641 ................
2383 2582 2409 2637 l

775 2700 836 2751 et

596 2794 876 2875 Spiritus
924 2790 1107 2851 diluti
1147 2789 1418 2871 partibus
1464 2788 1659 2848 elecem
1774 2831 2269 2844 ............
2344 2786 2416 2841 10

774 2895 1084 2977 paranda.

507 3002 814 3063 Tinctura
884 2997 1114 3059 coloris
1184 2994 1363 3066 flavi,
1437 2993 1682 3073 saporis
1746 2991 1972 3058 amari,
2038 2986 2250 3048 odoris
2313 3006 2434 3045 non

424 3104 720 3166 distincti.

512 3210 712 3268 Caute
760 3211 1065 3267 servetur.

777 3322 968 3383 Dosis
1016 3318 1293 3378 maxima
1339 3316 1591 3391 singula
1636 3317 1753 3377 20.

779 3425 969 3486 Dosis
1019 3421 1293 3481 maxima
1341 3439 1455 3498 pro
1503 3417 1604 3476 die
1652 3420 1766 3486 6,st
