2808 3996
1406 317 1501 386 72

614 499 961 555 Fructuum
1007 494 1184 553 Anisi
1232 514 1446 552 crasse
1493 498 1902 554 contusorum
1943 495 2222 574 partibus

1495 598 1746 677 quinque
1794 645 2205 658 ..........

613 703 961 759 Fructuum
994 698 1317 758 Foeniculi
1365 718 1579 757 crasse
1626 703 2036 758 contusorum
2074 720 2220 779 par-

1494 801 1644 861 tibus
1683 803 1934 882 quinque
1975 851 2206 862 ......

614 905 939 964 Foliorum
977 905 1230 965 Sennae
1272 903 1671 963 concisorum
1709 904 1984 983 partibus
2029 906 2227 986 vzyc‘nti

1497 1008 1747 1088 quinque
1796 1055 2206 1067 ..........

613 1110 869 1169 Radicis
928 1109 1301 1188 Liquiritiae
1356 1109 1646 1168 concisae
1694 1108 1972 1187 partibus
2028 1109 2222 1170 decem

788 1232 903 1292 per
940 1213 1142 1271 horae
1175 1212 1603 1291 quadrantem
1646 1213 1875 1270 iterum
1911 1211 2129 1290 digere
2162 1219 2224 1271 et

791 1315 1208 1394 exprimendo
1259 1315 1416 1373 cola.
2211 1298 2213 1300 ’

1284 2061 1625 2146 mitius.

627 2241 884 2299 Radicis
912 2240 1380 2319 Sal-saparillae
1406 2238 1695 2298 concisae
1707 2245 1918 2318 partes
1940 2241 2226 2320 qulnqua-

1495 2343 1663 2422 yinta
1712 2389 2212 2401 ............

796 2445 1012 2525 digere
1061 2465 1203 2504 cum

2399 603 2462 677 5,

2401 808 2463 869 5-

2356 1011 2464 1085 25,

2362 1114 2464 1187 10,

526 1419 888 1488 Colaturae‚
946 1425 1288 1496 postquam
1343 1416 1703 1475 subsederit
1758 1423 1820 1475 et
1881 1415 2272 1477 decanthata
2328 1420 2463 1491 erit,

439 1522 695 1580 affunde
742 1528 993 1580 tantum
1040 1521 1291 1598 Aquae,
1340 1528 1412 1579 ut
1455 1519 1712 1600 pondus
1759 1521 1841 1579 sit
1881 1520 2151 1599 partium
2212 1521 2467 1582 duorum

438 1624 657 1684 millum
703 1624 1166 1703 quz'nyentarum.

438 1930 978 2016 Decoctum
1057 1929 1750 2041 Sarsaparillae
1838 1930 2469 2042 compositum

2357 2346 2447 2404 50

618 2552 835 2626 Aquae
884 2548 1111 2608 duobus
1157 2547 1384 2607 milibus
1439 2547 1877 2628 quadrz'nyentis
1907 2548 2212 2627 partibus.
2274 2550 2447 2608 2400

794 2670 909 2729 per
976 2651 1208 2729 viginti
1278 2656 1580 2728 quattuor
1643 2649 1865 2719 horas;
1922 2658 2058 2708 tum
2112 2670 2228 2729 per

795 2753 988 2811 horas
1051 2762 1176 2811 tres
1241 2753 1436 2810 calori
1511 2751 1730 2810 balnei
1794 2770 1998 2830 aquae
2054 2752 2227 2811 ebul-

794 2857 1008 2914 lientis
1076 2857 1141 2914 in
1212 2874 1365 2914 vase
1441 2862 1607 2913 tecto
1687 2855 1776 2913 ita
1846 2854 2076 2935 objice,
2155 2861 2226 2913 ut

797 2959 1051 3036 saepius
1100 2959 1320 3036 agites.

887 3059 1069 3133 Quod
1120 3060 1478 3130 decoctum,
1529 3059 1768 3118 additis

623 3162 891 3222 Corticis
919 3165 1190 3221 Fructus
1233 3162 1390 3220 citri
1423 3161 1657 3220 concisi
1677 3161 1956 3240 partibus
1980 3163 2232 3243 quinque

625 3247 892 3324 Corticis
927 3264 1322 3323 Cinnamomi
1369 3263 1615 3324 contusi
1649 3263 1927 3342 partibus
1981 3265 2233 3344 quinque

625 3371 974 3426 Fructuum
1028 3365 1430 3425 Cal-(lamomi
1487 3370 1898 3424 confusorum
1951 3365 2230 3444 partibus

1507 3469 1759 3550 quinque
1806 3514 2214 3527 .........
