2808 3996
1414 285 1562 356 112

1083 461 1355 549 Folia
1412 462 1898 550 Althaeae.

570 627 775 698 Folia,
834 645 995 706 quae
1049 625 1232 685 offert
1276 625 1539 685 Althaea
1585 626 1942 703 officinalis,
1999 627 2271 688 rotunde
2320 629 2494 710 ellip-

487 732 625 801 tiea,
682 730 916 789 triloba
963 729 1047 789 ad
1093 728 1548 808 quinqueloba,
1598 729 1739 788 basi
1786 736 1955 789 reete
2000 732 2305 810 praecisa,
2363 751 2494 791 eor-

485 831 635 892 data
665 834 770 892 vel
802 840 1084 902 cuneata,
1135 833 1424 910 margine
1467 839 1723 890 erenato
1755 833 1860 891 vel
1891 840 2148 892 serrato.
2218 833 2497 894 Maxima

482 934 636 995 folia
682 935 765 994 ad
812 935 1167 995 centimetros
1198 939 1324 995 octo
1356 934 1486 993 lata
1520 940 1683 1005 sunt,
1733 932 2031 994 foliorum
2063 936 2282 1015 petioli
2313 938 2495 996 mini-

482 1059 653 1098 mum
701 1038 935 1099 dimidio
982 1037 1322 1097 breviores
1394 1037 1571 1096 Folia
1617 1037 1930 1096 Althaeae
1977 1047 2125 1097 sunt
2172 1040 2495 1118 qualitatis

481 1141 739 1214 solidae,
790 1140 1052 1221 fragilis,
1101 1142 1418 1220 utrimque
1454 1140 1728 1221 pilorum
1775 1141 2171 1201 stellatorum
2215 1149 2494 1203 tomento

481 1246 688 1325 griseo
738 1244 1035 1305 obducta.

984 1419 1257 1506 Folia
1316 1420 1997 1507 Belladonnae.

563 1571 758 1641 Folia,
807 1589 971 1650 quae
1008 1569 1190 1628 offert
1227 1572 1461 1649 Atropa
1496 1569 1913 1645 Belladonna3
1962 1569 2296 1631 decimetros
2329 1590 2492 1630 sum-

478 1693 650 1733 mum
684 1674 831 1734 duos
862 1673 1079 1753 longa,
1114 1692 1295 1732 uuum
1328 1673 1478 1743 lata,
1523 1658 1703 1731 aeute
1739 1673 2038 1752 elliptica,
2090 1674 2154 1731 in
2187 1674 2494 1753 petiolum

475 1777 621 1857 plus
655 1777 890 1836 dimidio
936 1775 1192 1836 brevius
1242 1777 1557 1846 exeuntia,
1606 1777 1840 1845 tenuia,
1893 1775 2076 1835 calva
2123 1782 2232 1835 aut
2270 1776 2493 1837 subtus

476 1879 801 1959 glandulis
834 1880 1221 1959 parcissimis
1256 1879 1485 1937 ciliata.
1555 1878 1717 1938 Sunt
1751 1879 2178 1957 integerrima,
2213 1880 2280 1939 in
2312 1898 2492 1960 supe-

474 1984 640 2042 riore
684 1989 867 2064 parte
915 2002 992 2041 ex
1036 1982 1231 2042 viridi
1279 1980 1596 2052 subfusca,
1656 1983 1719 2040 in
1768 1980 2064 2041 inferiore
2109 1975 2321 2063 potius
2368 1984 2491 2062 gri-

475 2106 601 2157 sea,
650 2087 719 2145 in
764 2093 1033 2165 utraque
1082 2085 1244 2145 albis
1292 2087 1545 2166 punctis
1587 2085 1906 2145 distincta.
1980 2084 2240 2166 Saporis
2271 2085 2494 2146 leviter

473 2190 784 2261 nauseosi,
840 2189 1132 2270 paullum
1180 2188 1523 2247 subamari.

559 2291 666 2354 Ad
699 2299 1051 2353 extractum
1085 2290 1486 2351 efficiendum
1522 2290 1759 2351 adhibe
1782 2291 2042 2373 plantae
2066 2298 2279 2372 partes
2302 2310 2493 2373 super

471 2403 709 2458 terram
756 2397 1120 2466 eminenteS,
1171 2403 1471 2454 recentes

562 2501 761 2559 Caute
808 2507 1156 2559 serventur.

822 2616 1014 2676 Dosis
1061 2616 1339 2676 maxima
1386 2616 1640 2694 singula
1686 2619 1803 2693 0,2.

822 2719 1011 2779 Dosis
1057 2719 1334 2779 maxima
1380 2739 1495 2799 pro
1537 2719 1637 2779 die
1683 2721 1799 2795 0,6.

1085 2895 1358 2981 Folia
1417 2894 1880 3008 Digitalis.

559 3045 767 3117 Folia,
834 3064 995 3124 quae
1063 3043 1248 3103 offert
1301 3043 1600 3121 Digitalis
1655 3063 2005 3123 purpurea,
2060 3041 2232 3103 floris
2289 3049 2491 3102 aetate

475 3148 553 3208 de
617 3149 854 3228 plantis
911 3147 1265 3227 agrestibus
1329 3146 1707 3225 colligenda.
1812 3147 1992 3206 Folia
2044 3148 2284 3217 tenuia,
2342 3148 2488 3205 irre-

476 3252 777 3329 gulariter
832 3258 1114 3321 erenat-a,
1147 3251 1217 3309 in
1247 3250 1556 3330 petiolum
1589 3257 1942 3320 attenuata,
1977 3247 2182 3308 forma
2213 3249 2492 3328 oblonge

476 3361 691 3424 ovata,
741 3353 1074 3413 decimetros
1120 3372 1436 3413 summum
1493 3357 1607 3412 tres
1652 3351 2077 3431 longitudine,
2135 3353 2492 3412 centimetros

476 3456 796 3539 quindecim
823 3454 1157 3514 latitudine
1190 3456 1546 3535 aequantia.
1597 3455 2117 3515 Ramosissimum
2148 3471 2489 3513 nervorum
