2808 3996
1499 249 1648 320 176

912 458 916 462 ⁴
954 472 1542 586 Magnesium
1604 452 2179 560 Sulfilrieum.

652 650 969 731 Crystalla
1037 653 1406 732 prismatioa
1473 671 1703 732 parva,
1770 653 1996 713 eoloris
2062 654 2374 734 expertia,
2440 659 2582 715 aere

562 755 674 814 vix
736 754 1115 826 fatiscentia,
1182 757 1426 835 saporis
1490 757 1716 826 amari,
1783 756 1961 828 salsi,
2030 758 2085 816 in
2134 755 2412 836 partibus
2476 757 2584 835 0,8

561 857 787 937 Aquae
832 857 1129 937 frigidae,
1178 859 1245 917 in
1286 856 1437 935 0,15
1467 858 1692 939 Aquae
1740 858 2097 920 ebullientis
2146 860 2469 932 solubilia,
2518 862 2583 920 in

563 960 805 1041 Spiritu
849 961 1230 1021 insolubilia.

651 1063 893 1124 Solutio
928 1084 1193 1144 aquosa,
1238 1063 1459 1124 addito
1491 1064 1717 1124 Natrio
1749 1064 2215 1146 phosphorieo,
2258 1067 2310 1126 si
2352 1065 2585 1127 adsunt

562 1167 970 1227 Ammonium
1005 1168 1363 1227 ehloratum
1398 1176 1459 1227 et
1488 1168 1722 1247 Liquor
1753 1168 2075 1228 Ammonii
2107 1171 2389 1239 caustioi,
2424 1169 2582 1230 sedi-

561 1279 842 1331 mentum
875 1271 1111 1342 album,
1149 1271 1614 1351 crystallinum,
1644 1270 1864 1331 addito
1896 1271 2106 1351 Baryo
2143 1273 2388 1343 nitrie0,
2423 1273 2581 1333 sedi-

561 1384 845 1433 mentum
894 1374 1139 1443 album,
1190 1376 1255 1433 in
1302 1373 1500 1434 acidis
1547 1374 1887 1434 insolubile
1937 1375 2227 1435 demittit.

650 1477 893 1537 Solutio
927 1496 1166 1556 aquosa
1201 1478 1359 1553 (1=
1385 1477 1488 1554 90)
1523 1478 1602 1537 sit
1631 1478 1960 1548 neutralis;
2008 1497 2089 1537 ne
2120 1478 2308 1559 Aqua
2345 1427 2582 1559 hydro-

561 1579 899 1651 sulfuiata,
966 1582 1018 1640 si
1073 1580 1347 1641 Aoidum
1410 1582 1717 1641 aeetieum
1780 1589 1967 1640 antea
2024 1580 2359 1662 adjeceris,
2422 1602 2584 1641 neve

560 1683 831 1763 Liquere
884 1684 1207 1748 Ammonii
1268 1684 1585 1755 sulfiirati,
1651 1685 1704 1744 si
1758 1683 2168 1744 Ammonium
2225 1684 2585 1745 chloratum

560 1788 627 1846 in
691 1807 950 1847 excessu
1021 1796 1081 1847 et
1140 1787 1478 1867 Liquorem
1540 1788 1863 1847 Ammonii
1934 1789 2193 1848 oaustiei
2255 1786 2581 1869 adjeceriS,

560 1898 861 1961 mutetur3
936 1891 1183 1961 eadem,
1256 1893 1308 1950 si
1361 1892 1714 1970 Argentum
1782 1891 2081 1949 nitrioum
2151 1890 2579 1961 admiscueriS,

559 1992 890 2074 interjecta
949 2004 1130 2073 parte
1194 1993 1572 2053 duodecima
1636 1993 1861 2064 horae,
1927 1993 2370 2054 tantummodo
2433 2013 2582 2074 opa-

559 2097 774 2156 leseat.
887 2096 998 2157 Sal
1059 2096 1356 2157 flammae
1417 2098 1693 2158 colorem
1757 2095 1995 2157 flavum
2056 2104 2445 2179 perstantem
2505 2117 2585 2157 ne

559 2199 839 2262 inducat.

745 2524 1334 2637 Magnesium
1396 2522 1948 2610 sulfurioum
2011 2523 2398 2610 siceum.

647 2703 1044 2783 Magnesium
1089 2702 1461 2763 sulfurioum
1506 2704 1573 2762 in
1618 2704 1839 2783 patina
1883 2702 2311 2783 porcellaniea
2352 2701 2583 2761 balneo

562 2826 766 2887 aquae
813 2808 1211 2887 superposita
1257 2805 1576 2866 interdum
1624 2804 1927 2885 agitando
1973 2803 2311 2876 fervefaee,
2386 2803 2586 2864 donee

561 2916 826 2972 centenae
865 2915 1076 2990 partes
1128 2911 1372 2970 tricenas
1418 2910 1627 2991 quinas
1667 2908 1750 2969 ad
1795 2914 2058 2989 septenas
2102 2908 2389 2990 pondere
2435 2909 2584 2968 ami-

562 3016 772 3085 serint,
821 3020 958 3073 tum
1006 3013 1232 3073 cribra.

648 3117 867 3177 Pulvis
914 3115 1117 3187 albus,
1166 3115 1441 3187 subtilis,
1498 3116 1702 3175 laxus

650 3218 1154 3298 Quotiescunque
1218 3219 1612 3298 Magnesium
1675 3218 2050 3279 sulfurieum
2112 3217 2194 3278 ad
2250 3219 2586 3277 mixtiones

562 3324 930 3403 pulveratas
997 3324 1463 3403 praescriptum
1530 3322 1672 3393 erit,
1750 3322 2145 3402 Magnesium
2215 3320 2586 3380 sulfurieum

564 3427 798 3485 siecum
845 3425 1162 3507 dispensa.
1236 3457 1240 3461 ·
