2808 3996
1306 257 1401 327 81

443 439 621 501 Haec
665 441 757 499 ita
801 444 1124 520 parentur,
1171 443 1243 496 ut
1274 435 1576 496 Extracta
1620 436 1688 496 in
1716 436 1886 495 vasis
1930 434 2368 515 porcellanicis

359 549 802 623 evaporentur‚
853 536 1006 601 dum
1037 558 1248 599 massa
1279 547 1472 598 tenax
1504 546 1581 611 et,
1625 539 1678 598 si
1708 536 2049 609 refrixerit,
2098 535 2368 596 friabilis

355 642 525 705 facta
564 645 698 704 erit.
778 643 980 719 Quam
1013 642 1226 703 adhuc
1259 641 1587 712 calentem,
1631 660 1750 721 ope
1784 640 2121 721 spathula-e
2155 659 2187 699 e
2217 658 2368 699 vase

358 755 719 828 exemptam
766 754 828 806 et
870 748 939 806 in
982 747 1228 806 taenias
1277 751 1700 815 extenuatam,
1749 742 1879 803 leni
1928 742 2137 802 calore
2184 743 2364 802 sicca.

442 850 619 911 Ferri
673 848 982 909 bacillum
1033 867 1332 929 parvum,
1399 847 1699 919 nitidum,
1770 847 1822 907 si
1874 847 1940 906 in
1993 846 2369 905 solutionem

357 952 642 1013 Extracti
719 954 783 1029 (1
813 978 887 1005 =
912 953 980 1024 4)
1058 950 1343 1012 nonnullis
1407 951 1583 1032 yuttzs
1642 949 1827 1010 Acidi
1896 948 2370 1029 hydrochlorici

358 1054 747 1116 acidulatam
815 1056 1214 1126 immerseris,
1280 1053 1599 1115 semihora
1662 1053 2041 1113 circumacta
2095 1051 2369 1111 colorem

357 1157 747 1219 subrubrum
794 1177 874 1218 ne
920 1158 1155 1218 trahat.

444 1261 748 1322 Exti-acta
798 1262 1121 1321 narcotica
1165 1262 1334 1321 sicca
1382 1279 1460 1319 ex
1505 1259 1821 1320 Extractis
1866 1260 2082 1340 spissis
2129 1259 2218 1319 ita
2261 1277 2369 1339 pa-

356 1371 597 1435 rentur,
646 1372 716 1424 ut

533 1467 817 1527 Exn-acti
843 1494 846 1496 ·
857 1473 1068 1549 partes
1112 1472 1388 1550 quattuor
1403 1512 2204 1526 ...................
2311 1466 2348 1523 4

710 1590 853 1631 cum

535 1673 791 1733 Radicis
849 1673 1220 1754 Liquiritiae
1282 1672 1591 1733 subtiliter
1649 1670 2018 1752 pulveratae
2069 1691 2219 1751 par-

1412 1775 1559 1836 tibus
1603 1775 1783 1836 tribus
1801 1822 2205 1833 ..........
2312 1777 2350 1834 3

362 1881 429 1939 in
482 1878 786 1940 calefacta
838 1882 1061 1962 patina
1114 1880 1541 1962 porcellanica
1595 1880 1826 1938 mixtas
1889 1877 2095 1937 calore
2153 1877 2232 1937 40
2291 1876 2372 1936 ad

367 1982 489 2042 500
533 1984 752 2055 sicces,
812 1983 1024 2064 quoad
1071 1983 1373 2065 ponderis
1410 1982 1548 2063 jam
1595 1981 1757 2042 nihil
1804 1982 2112 2042 amittant.

451 2085 694 2145 Massae
725 2088 946 2157 siccae,
994 2088 1367 2167 priusquam
1399 2084 1730 2154 refrixerit,
1782 2085 2087 2143 contritae
2128 2091 2373 2143 tantum

363 2187 619 2248 Radicis
651 2188 1016 2269 Liquiritiae
1049 2190 1362 2250 subtiliter
1392 2187 1763 2269 pulveratae
1797 2186 2101 2258 admisce,
2151 2194 2221 2246 ut
2266 2185 2375 2246 fiat

365 2290 577 2371 duplex
621 2292 791 2372 copia
835 2291 1119 2353 Extracti
1167 2292 1457 2352 adhibiti.

452 2393 808 2454 Solutiones
839 2395 1281 2455 Extractorum
1315 2395 1778 2454 narcoticorum
1819 2394 1944 2454 hoc
1984 2393 2372 2474 praescripto

364 2506 623 2577 paratas
669 2497 735 2556 in
780 2505 1080 2577 promptu
1130 2498 1366 2557 habere
1414 2497 1585 2557 licet:

540 2599 819 2659 Extracti
854 2605 1061 2680 partes
1107 2601 1300 2661 decem
1319 2647 2207 2660 .....................
2274 2603 2372 2675 10,

539 2706 756 2781 Aquae
791 2708 995 2783 partes
1040 2723 1140 2763 sex
1187 2749 2206 2763 ........................
2313 2705 2372 2777 6,

540 2804 818 2884 Spiritus
853 2811 1089 2885 partem
1122 2826 1299 2866 unam
1319 2851 2206 2865 .....................
2316 2807 2372 2879 l,

541 2906 2205 2988 Glycerinipartestres......................
2312 2910 2370 2965 3.

813 3201 1366 3288 Extractum
1427 3199 1920 3287 Absinthii.

544 3349 788 3408 nen-bae
835 3349 1139 3409 Absintmi
1173 3355 1381 3430 parces
1427 3350 1618 3430 υιῃῑηιι·
1671 3393 2208 3408 .............
2266 3325 2371 3419 20‘,

720 3450 1020 3512 admixtis

1973 3556 2020 3598 ll
