2808 3996
547 647 1139 763 Unguentum
1198 652 1786 768 Hydrargyri
1846 659 2347 743 cinereum.

619 813 837 894 Adipis
885 814 1054 874 suilli
1085 820 1292 895 partes
1332 816 1598 878 tredecim
1635 864 2301 880 ................
2365 823 2443 881 13

795 937 936 977 eum

618 1018 774 1079 Sebi
819 1020 1003 1080 ovilis
1043 1021 1318 1102 partibus
1361 1028 1574 1102 septem
1591 1069 2299 1085 .................
2405 1027 2439 1085 7

791 1123 921 1183 leni
962 1125 1168 1184 calore
1204 1125 1631 1204 colliquefaee.
1710 1126 2026 1186 Mixtionis
2057 1146 2313 1208 prorsus

791 1226 1198 1306 refrigeratae
1230 1234 1439 1308 partes
1484 1234 1597 1289 tres
1645 1248 1786 1289 cum

618 1330 1022 1408 Hydrargyri
1063 1331 1338 1410 partibus
1384 1332 1576 1392 decem
1595 1379 2299 1392 .................
2364 1336 2442 1394 10

792 1433 859 1491 in
905 1435 1126 1512 patina
1170 1432 1372 1493 ferrea
1419 1442 1688 1494 contere.

528 1534 854 1595 Metallum
906 1556 1020 1615 per
1073 1537 1506 1616 portiunculas
1562 1539 1832 1620 minutas
1879 1538 1967 1597 ita
2015 1535 2317 1607 admisce,
2376 1547 2445 1598 ut

441 1656 675 1696 novam
706 1640 1125 1718 quantitatem
1157 1646 1291 1699 tum
1325 1638 1577 1698 demum
1611 1638 1890 1720 adjicias,
1927 1659 2067 1699 eum
2099 1641 2233 1698 sino
2267 1640 2441 1719 adju-

442 1750 657 1799 mento
705 1743 914 1821 optieo
962 1743 1233 1821 granula
1277 1742 1679 1822 Hydra-rgyri
1726 1743 2091 1821 dignoscere
2130 1743 2264 1823 jam
2313 1732 2465 1801 non

442 1844 662 1923 possis.
765 1844 1089 1904 Postremo
1143 1844 1395 1905 residuo
1443 1846 1760 1905 mixtionis
1807 1845 2129 1905 sebae-,icae
2176 1844 2439 1926 adjecto,

441 1953 644 2006 totum
691 1947 1100 2007 subtilissime
1146 1950 1356 2007 misce.

529 2048 939 2128 Unguentum
988 2071 1019 2109 e
1067 2051 1474 2110 subssaeruleo
1522 2053 1820 2130 griseum,
1879 2052 1944 2110 in
1991 2069 2115 2129 quo
2163 2049 2439 2129 Hydrar-

443 2155 585 2231 gyri
643 2154 913 2232 granula
966 2155 1102 2214 sine
1155 2152 1525 2235 adjumento
1582 2156 1788 2234 optieo
1833 2173 1964 2213 non
2012 2155 2137 2213 sint
2182 2171 2439 2229 eognos-
2513 2163 2515 2166 ⁴

443 2255 663 2316 cenda.

531 2358 878 2420 Grammata
924 2362 1036 2421 tria
1081 2359 1423 2438 Unguenti‚
1474 2359 1661 2439 adipe
1700 2360 1989 2418 Aetheris
2031 2378 2148 2439 ope
2182 2368 2437 2427 remoto,

435 2480 714 2542 yramma
757 2481 957 2543 prope
1003 2483 1183 2523 unum
1228 2462 1631 2543 Hydrax-gyri
1676 2462 2040 2543 praebeant.

588 2757 1177 2871 Unguentum
1238 2756 1827 2873 Hydrargyri
1888 2756 2285 2841 rubrum.

791 2921 888 2980 Ex

617 3024 1021 3102 Hydrargyri
1069 3024 1325 3103 oxydati
1367 3029 1539 3104 parte
1582 3042 1701 3083 una
1739 3065 2314 3082 ..............
2383 3020 2409 3075 l

793 3138 853 3186 et

617 3230 932 3308 Unguenli
984 3231 1278 3290 Paraffini
1331 3228 1599 3310 partibus
1645 3247 1843 3287 novem
1871 3269 2314 3285 ...........
2378 3224 2414 3280 9

790 3333 1165 3413 parandum.
1181 3406 1184 3409 .

530 3435 626 3496 Sit
670 3445 1083 3525 unguentum2
1112 3436 1394 3524 rubrum.

2038 3556 2096 3597 38
