2808 3996
1328 265 1427 335 95

860 439 1418 526 Extraotlun
1479 442 1913 530 Sabinae.

547 600 1002 661 Summitatum
1044 602 1324 663 Sabinae
1356 609 1566 682 partes
1613 606 1810 686 vzyintc'
1839 653 2245 666 ..........
2307 611 2391 669 20

546 704 827 783 Spiritus
859 703 1140 784 partibus
1179 705 1578 787 quaclraye’nta
1618 754 2245 767 ...............
2309 712 2391 771 40

721 814 784 867 et

543 912 763 989 Aquae
801 909 1082 989 partibus
1125 911 1427 992 sexaqz’ntcz
1445 958 2245 971 ...................
2309 917 2390 975 60

717 1013 882 1071 inter
935 1031 1002 1071 se
1057 1013 1271 1072 mixtis
1326 1032 1578 1073 macera
1630 1033 1744 1093 per
1793 1013 1987 1074 horas
2033 1015 2261 1093 viginti

718 1122 1035 1194 quattuor.
1058 1113 1297 1189 Quibus
1311 1117 1644 1195 expressiS‚
1660 1116 1743 1187 id,
1757 1116 1931 1195 quod
1942 1118 2257 1188 restiterit,

543 1216 824 1296 Spiritus
858 1216 1137 1296 partibus
1182 1218 1380 1299 viyincz‘
1399 1265 1630 1277 ......
1640 1255 1644 1258 -
1664 1266 2246 1278 ..............
2306 1223 2390 1280 20

721 1326 783 1380 et

542 1424 763 1500 Aquae
806 1420 1084 1501 partibus
1138 1423 1374 1502 triyz'nta
1391 1469 2242 1482 ....................
2307 1427 2388 1485 30

638 1524 803 1582 inter
849 1542 914 1582 se
962 1524 1177 1582 mixtis
1218 1526 1443 1582 iterum
1479 1523 1702 1583 eadem
1743 1526 1987 1584 ratione
2033 1536 2253 1584 tracta.

453 1626 757 1706 Liquores
814 1626 903 1685 sie
966 1624 1220 1685 effectos
1283 1626 1474 1685 misce
1539 1636 1600 1685 et
1656 1626 2063 1706 evaporando
2129 1628 2212 1688 ad
2269 1628 2388 1688 Ex-

364 1737 638 1790 tractum
686 1727 962 1808 spissum
1006 1728 1242 1807 redige.

454 1831 550 1891 Sit
595 1851 628 1891 e
673 1830 863 1889 viridi
910 1829 1183 1901 fuscum,
1232 1832 1297 1890 in
1345 1831 1533 1911 Aqua
1578 1830 1708 1892 fere
1762 1852 1888 1891 non
1937 1832 2223 1892 solubile.

457 1935 658 1992 Caute
704 1943 1006 1993 servetur.

882 2224 1439 2311 Extractum
1502 2224 1878 2311 Seillae.

544 2386 731 2446 Bulbi
778 2386 1016 2446 Scillae
1050 2391 1259 2466 partes
1304 2387 1556 2468 quinque
1635 2434 2219 2446 ..............
2324 2391 2383 2465 5,

717 2487 956 2549 additis

543 2590 824 2671 Spiritus
872 2590 1053 2651 diluti
1085 2590 1363 2671 partibus
1409 2591 1607 2672 viyz'nli
1680 2638 2218 2650 .............
2280 2595 2382 2668 20,

718 2712 969 2753 macera
1016 2712 1129 2773 per
1162 2692 1298 2752 dies
1346 2713 1474 2752 sex.

453 2796 697 2872 Quibus
754 2797 1087 2875 expressiS‚
1154 2813 1342 2873 quem
1402 2794 1677 2854 effeceris
1732 2794 2039 2873 liquorem
2098 2797 2162 2854 in
2219 2816 2382 2854 eoni-

368 2899 580 2979 plures
628 2898 762 2957 dies
809 2898 1155 2976 sepositum
1204 2895 1371 2956 filtra
1427 2905 1488 2955 et
1535 2896 1945 2976 evaporando
1995 2896 2077 2955 ad
2126 2896 2380 2955 Extrar-

366 3015 497 3060 tuin
549 2999 821 3079 spissum
872 2998 1105 3078 redige.

453 3104 550 3163 Sit
581 3121 613 3161 e
646 3099 937 3162 subflavo
965 3099 1227 3170 fuscum,
1263 3101 1329 3159 in
1356 3100 1542 3179 Aqua
1572 3118 1775 3180 paene
1802 3099 2065 3180 limpide
2090 3099 2375 3158 solubile.

543 3206 743 3263 Caute
790 3212 1087 3261 svrvetur.

721 3304 907 3363 Dosis
959 3303 1230 3363 inaxima
1276 3303 1529 3377 singula
1575 3307 1691 3378 0,2.

721 3406 906 3465 Dosis
958 3404 1228 3464 maxima
1277 3425 1389 3484 pro
1437 3404 1536 3463 die
1591 3407 1696 3478 1,0.
