<?xml version="1.0" encoding="UTF-8"?>
<!DOCTYPE html PUBLIC "-//W3C//DTD XHTML 1.0 Transitional//EN"
    "http://www.w3.org/TR/xhtml1/DTD/xhtml1-transitional.dtd">
<html xmlns="http://www.w3.org/1999/xhtml" xml:lang="en" lang="en">
 <head>
  <title>
</title>
<meta http-equiv="Content-Type" content="text/html;charset=utf-8" />
  <meta name='ocr-system' content='tesseract 3.04.00' />
  <meta name='ocr-capabilities' content='ocr_page ocr_carea ocr_par ocr_line ocrx_word'/>
</head>
<body>
  <div class='ocr_page' id='page_1' title='image "./pharmacopagerman00berluoft_0302.png"; bbox 0 0 2808 3996; ppageno 0'>
   <div class='ocr_carea' id='block_1_1' title="bbox 1359 272 1511 342">
    <p class='ocr_par' dir='ltr' id='par_1_1' title="bbox 1359 272 1511 342">
     <span class='ocr_line' id='line_1_1' title="bbox 1359 272 1511 342; baseline 0 0"><span class='ocrx_word' id='word_1_1' title='bbox 1359 272 1511 342; x_wconf 76' lang='lat'>284</span> 
     </span>
    </p>
   </div>
   <div class='ocr_carea' id='block_1_2' title="bbox 597 449 2447 632">
    <p class='ocr_par' dir='ltr' id='par_1_2' title="bbox 597 449 2447 632">
     <span class='ocr_line' id='line_1_2' title="bbox 597 449 2447 530; baseline -0.001 -21"><span class='ocrx_word' id='word_1_2' title='bbox 597 449 778 509; x_wconf 88' lang='lat' dir='ltr'>Acidi</span> <span class='ocrx_word' id='word_1_3' title='bbox 821 449 1104 509; x_wconf 84' lang='lat' dir='ltr'>benzo&#39;l&#39;ci</span> <span class='ocrx_word' id='word_1_4' title='bbox 1135 449 1415 527; x_wconf 77' lang='lat' dir='ltr'>partibus</span> <span class='ocrx_word' id='word_1_5' title='bbox 1459 455 1736 530; x_wconf 75' lang='lat' dir='ltr'>quattuor</span> <span class='ocrx_word' id='word_1_6' title='bbox 1787 496 2236 507; x_wconf 90' lang='grc'><strong>...........</strong></span> <span class='ocrx_word' id='word_1_7' title='bbox 2385 451 2447 526; x_wconf 75' lang='grc'>4,</span> 
     </span>
     <span class='ocr_line' id='line_1_3' title="bbox 598 549 2426 632; baseline -0.001 -21"><span class='ocrx_word' id='word_1_8' title='bbox 598 551 879 630; x_wconf 82' lang='lat' dir='ltr'><strong>Spiritus</strong></span> <span class='ocrx_word' id='word_1_9' title='bbox 913 550 1098 610; x_wconf 85' lang='lat' dir='ltr'>diluti</span> <span class='ocrx_word' id='word_1_10' title='bbox 1114 551 1394 630; x_wconf 76' lang='lat' dir='ltr'>partibus</span> <span class='ocrx_word' id='word_1_11' title='bbox 1417 556 1641 611; x_wconf 80' lang='lat' dir='ltr'>centum</span> <span class='ocrx_word' id='word_1_12' title='bbox 1673 553 1989 632; x_wconf 73' lang='lat' dir='ltr'>nonaqcnta</span> <span class='ocrx_word' id='word_1_13' title='bbox 2020 549 2252 611; x_wconf 79' lang='lat' dir='ltr'>duabus</span> <span class='ocrx_word' id='word_1_14' title='bbox 2299 552 2426 609; x_wconf 80' lang='lat'>192</span> 
     </span>
    </p>
   </div>
   <div class='ocr_carea' id='block_1_3' title="bbox 417 653 2450 1323">
    <p class='ocr_par' dir='ltr' id='par_1_3' title="bbox 770 653 1081 732">
     <span class='ocr_line' id='line_1_4' title="bbox 770 653 1081 732; baseline -0.006 -20"><span class='ocrx_word' id='word_1_15' title='bbox 770 653 1081 732; x_wconf 87' lang='lat' dir='ltr'>paranda.</span> 
     </span>
    </p>

    <p class='ocr_par' dir='ltr' id='par_1_4' title="bbox 417 739 2450 1243">
     <span class='ocr_line' id='line_1_5' title="bbox 506 739 2450 826; baseline 0 -13"><span class='ocrx_word' id='word_1_16' title='bbox 506 754 812 814; x_wconf 88' lang='lat' dir='ltr'>Tinctura</span> <span class='ocrx_word' id='word_1_17' title='bbox 875 755 1102 813; x_wconf 91' lang='lat' dir='ltr'>coloris</span> <span class='ocrx_word' id='word_1_18' title='bbox 1166 773 1199 814; x_wconf 94' lang='lat' dir='ltr'>e</span> <span class='ocrx_word' id='word_1_19' title='bbox 1254 754 1553 815; x_wconf 87' lang='lat' dir='ltr'>subfusco</span> <span class='ocrx_word' id='word_1_20' title='bbox 1609 739 1786 826; x_wconf 83' lang='lat' dir='ltr'>flavi,</span> <span class='ocrx_word' id='word_1_21' title='bbox 1858 754 2083 814; x_wconf 91' lang='lat' dir='ltr'>Oleum</span> <span class='ocrx_word' id='word_1_22' title='bbox 2135 753 2320 813; x_wconf 91' lang='lat' dir='ltr'>Anisi</span> <span class='ocrx_word' id='word_1_23' title='bbox 2387 760 2450 813; x_wconf 92' lang='lat' dir='ltr'>et</span> 
     </span>
     <span class='ocr_line' id='line_1_6' title="bbox 420 855 2444 936; baseline -0.001 -20"><span class='ocrx_word' id='word_1_24' title='bbox 420 855 852 935; x_wconf 88' lang='lat' dir='ltr'>Camphoram</span> <span class='ocrx_word' id='word_1_25' title='bbox 896 855 1221 926; x_wconf 81' lang='lat' dir='ltr'>redolenS‚</span> <span class='ocrx_word' id='word_1_26' title='bbox 1283 858 1529 936; x_wconf 87' lang='lat' dir='ltr'>saporis</span> <span class='ocrx_word' id='word_1_27' title='bbox 1584 855 1830 916; x_wconf 88' lang='lat' dir='ltr'>fortiter</span> <span class='ocrx_word' id='word_1_28' title='bbox 1884 857 2249 928; x_wconf 73' lang='lat' dir='ltr'>aromatici,</span> <span class='ocrx_word' id='word_1_29' title='bbox 2299 855 2444 915; x_wconf 90' lang='lat' dir='ltr'>sub-</span> 
     </span>
     <span class='ocr_line' id='line_1_7' title="bbox 421 957 2439 1039; baseline 0 -23"><span class='ocrx_word' id='word_1_30' title='bbox 421 957 652 1030; x_wconf 85' lang='lat' dir='ltr'>dulciS‚</span> <span class='ocrx_word' id='word_1_31' title='bbox 701 959 1039 1018; x_wconf 87' lang='lat' dir='ltr'>reactionis</span> <span class='ocrx_word' id='word_1_32' title='bbox 1071 957 1308 1018; x_wconf 87' lang='lat' dir='ltr'>acidae.</span> <span class='ocrx_word' id='word_1_33' title='bbox 1403 958 1479 1017; x_wconf 90' lang='lat' dir='ltr'>In</span> <span class='ocrx_word' id='word_1_34' title='bbox 1521 960 1874 1039; x_wconf 71' lang='lat' dir='ltr'>qrammatis</span> <span class='ocrx_word' id='word_1_35' title='bbox 1919 964 2144 1018; x_wconf 77' lang='lat' dir='ltr'>centum</span> <span class='ocrx_word' id='word_1_36' title='bbox 2190 966 2439 1037; x_wconf 86' lang='lat' dir='ltr'>partem</span> 
     </span>
     <span class='ocr_line' id='line_1_8' title="bbox 420 1058 2446 1142; baseline 0.001 -25"><span class='ocrx_word' id='word_1_37' title='bbox 420 1059 755 1119; x_wconf 80' lang='lat' dir='ltr'>solubilem</span> <span class='ocrx_word' id='word_1_38' title='bbox 820 1062 1173 1142; x_wconf 74' lang='lat' dir='ltr'>qrammatc‘s</span> <span class='ocrx_word' id='word_1_39' title='bbox 1245 1061 1470 1121; x_wconf 71' lang='lat' dir='ltr'>dimidii</span> <span class='ocrx_word' id='word_1_40' title='bbox 1534 1060 1677 1140; x_wconf 91' lang='lat' dir='ltr'>Opii</span> <span class='ocrx_word' id='word_1_41' title='bbox 1749 1063 2056 1131; x_wconf 83' lang='lat' dir='ltr'>continet,</span> <span class='ocrx_word' id='word_1_42' title='bbox 2137 1059 2204 1119; x_wconf 90' lang='lat' dir='ltr'>id</span> <span class='ocrx_word' id='word_1_43' title='bbox 2275 1058 2446 1139; x_wconf 91' lang='lat' dir='ltr'>quod</span> 
     </span>
     <span class='ocr_line' id='line_1_9' title="bbox 417 1159 2292 1243; baseline 0 -23"><span class='ocrx_word' id='word_1_44' title='bbox 417 1162 766 1241; x_wconf 79' lang='lat' dir='ltr'>respondet</span> <span class='ocrx_word' id='word_1_45' title='bbox 809 1162 1133 1242; x_wconf 86' lang='lat' dir='ltr'>Morphini</span> <span class='ocrx_word' id='word_1_46' title='bbox 1182 1164 1557 1241; x_wconf 86' lang='lat' dir='ltr'>grammatis</span> <span class='ocrx_word' id='word_1_47' title='bbox 1603 1162 2074 1243; x_wconf 79' lang='lat' dir='ltr'>propemodum</span> <span class='ocrx_word' id='word_1_48' title='bbox 2119 1159 2292 1238; x_wconf 83' lang='lat'><em>0,05.</em></span> 
     </span>
    </p>

    <p class='ocr_par' dir='ltr' id='par_1_5' title="bbox 595 1265 1142 1323">
     <span class='ocr_line' id='line_1_10' title="bbox 595 1265 1142 1323; baseline 0.002 -2"><span class='ocrx_word' id='word_1_49' title='bbox 595 1265 794 1323; x_wconf 83' lang='lat' dir='ltr'>Caute</span> <span class='ocrx_word' id='word_1_50' title='bbox 840 1273 1142 1323; x_wconf 86' lang='lat' dir='ltr'>servetur.</span> 
     </span>
    </p>
   </div>
   <div class='ocr_carea' id='block_1_4' title="bbox 766 1510 2038 1732">
    <p class='ocr_par' dir='ltr' id='par_1_6' title="bbox 766 1510 2038 1732">
     <span class='ocr_line' id='line_1_11' title="bbox 826 1510 2038 1624; baseline 0 -27"><span class='ocrx_word' id='word_1_51' title='bbox 826 1510 1282 1597; x_wconf 75' lang='lat' dir='ltr'>Tinctum</span> <span class='ocrx_word' id='word_1_52' title='bbox 1342 1511 1564 1624; x_wconf 78' lang='lat' dir='ltr'>Opii</span> <span class='ocrx_word' id='word_1_53' title='bbox 1624 1513 2038 1598; x_wconf 86' lang='lat' dir='ltr'>crocata.</span> 
     </span>
     <span class='ocr_line' id='line_1_12' title="bbox 766 1672 866 1732; baseline 0 0"><span class='ocrx_word' id='word_1_54' title='bbox 766 1672 866 1732; x_wconf 76' lang='lat' dir='ltr'>Ex</span> 
     </span>
    </p>
   </div>
   <div class='ocr_carea' id='block_1_5' title="bbox 589 1773 2445 2471">
    <p class='ocr_par' dir='ltr' id='par_1_7' title="bbox 592 1773 2444 1858">
     <span class='ocr_line' id='line_1_13' title="bbox 592 1773 2444 1858; baseline 0.002 -24"><span class='ocrx_word' id='word_1_55' title='bbox 592 1773 740 1854; x_wconf 84' lang='lat' dir='ltr'>Opii</span> <span class='ocrx_word' id='word_1_56' title='bbox 784 1775 1101 1855; x_wconf 82' lang='lat' dir='ltr'>pulverati</span> <span class='ocrx_word' id='word_1_57' title='bbox 1132 1776 1413 1856; x_wconf 75' lang='lat' dir='ltr'>partibus</span> <span class='ocrx_word' id='word_1_58' title='bbox 1458 1779 1692 1858; x_wconf 78' lang='lat' dir='ltr'>triqz&#39;nta</span> <span class='ocrx_word' id='word_1_59' title='bbox 1738 1825 2233 1836; x_wconf 91' lang='grc'><strong>............</strong></span> <span class='ocrx_word' id='word_1_60' title='bbox 2339 1779 2444 1853; x_wconf 83' lang='grc' dir='ltr'>3θ,</span> 
     </span>
    </p>

    <p class='ocr_par' dir='ltr' id='par_1_8' title="bbox 592 1877 2445 1958">
     <span class='ocr_line' id='line_1_14' title="bbox 592 1877 2445 1958; baseline 0.002 -23"><span class='ocrx_word' id='word_1_61' title='bbox 592 1877 777 1936; x_wconf 86' lang='lat' dir='ltr'>Croci</span> <span class='ocrx_word' id='word_1_62' title='bbox 809 1878 1089 1958; x_wconf 73' lang='lat' dir='ltr'>partibus</span> <span class='ocrx_word' id='word_1_63' title='bbox 1135 1878 1329 1940; x_wconf 75' lang='lat' dir='ltr'>decem</span> <span class='ocrx_word' id='word_1_64' title='bbox 1383 1927 2233 1939; x_wconf 91' lang='grc'><strong>....................</strong></span> <span class='ocrx_word' id='word_1_65' title='bbox 2341 1881 2445 1955; x_wconf 84' lang='grc'>10,</span> 
     </span>
    </p>

    <p class='ocr_par' dir='ltr' id='par_1_9' title="bbox 593 1980 2443 2062">
     <span class='ocr_line' id='line_1_15' title="bbox 593 1980 2443 2062; baseline 0.002 -25"><span class='ocrx_word' id='word_1_66' title='bbox 593 1980 1170 2062; x_wconf 83' lang='lat' dir='ltr'>Caryophyllorum</span> <span class='ocrx_word' id='word_1_67' title='bbox 1203 1981 1481 2060; x_wconf 76' lang='lat' dir='ltr'>partibus</span> <span class='ocrx_word' id='word_1_68' title='bbox 1511 1982 1743 2043; x_wconf 71' lang='lat' dir='ltr'>duabus</span> <span class='ocrx_word' id='word_1_69' title='bbox 1782 2030 2233 2041; x_wconf 90' lang='grc'><strong>...........</strong></span> <span class='ocrx_word' id='word_1_70' title='bbox 2380 1983 2443 2058; x_wconf 81' lang='lat'>2,</span> 
     </span>
    </p>

    <p class='ocr_par' dir='ltr' id='par_1_10' title="bbox 591 2081 2444 2163">
     <span class='ocr_line' id='line_1_16' title="bbox 591 2081 2444 2163; baseline 0.002 -24"><span class='ocrx_word' id='word_1_71' title='bbox 591 2081 858 2140; x_wconf 85' lang='lat' dir='ltr'>Corticis</span> <span class='ocrx_word' id='word_1_72' title='bbox 892 2082 1288 2142; x_wconf 85' lang='lat' dir='ltr'>Cinnamomi</span> <span class='ocrx_word' id='word_1_73' title='bbox 1320 2083 1600 2163; x_wconf 73' lang='lat' dir='ltr'>partibus</span> <span class='ocrx_word' id='word_1_74' title='bbox 1645 2084 1875 2145; x_wconf 73' lang='lat' dir='ltr'>duabus</span> <span class='ocrx_word' id='word_1_75' title='bbox 1914 2132 2232 2142; x_wconf 89' lang='grc'><strong>........</strong></span> <span class='ocrx_word' id='word_1_76' title='bbox 2380 2084 2444 2159; x_wconf 80' lang='lat'>2,</span> 
     </span>
    </p>

    <p class='ocr_par' dir='ltr' id='par_1_11' title="bbox 590 2183 2443 2268">
     <span class='ocr_line' id='line_1_17' title="bbox 590 2183 2443 2268; baseline 0.002 -26"><span class='ocrx_word' id='word_1_77' title='bbox 590 2183 871 2263; x_wconf 83' lang='lat' dir='ltr'>Spiritus</span> <span class='ocrx_word' id='word_1_78' title='bbox 919 2184 1103 2244; x_wconf 84' lang='lat' dir='ltr'>diluti</span> <span class='ocrx_word' id='word_1_79' title='bbox 1135 2185 1413 2264; x_wconf 76' lang='lat' dir='ltr'>partibus</span> <span class='ocrx_word' id='word_1_80' title='bbox 1452 2191 1676 2246; x_wconf 79' lang='lat' dir='ltr'>centum</span> <span class='ocrx_word' id='word_1_81' title='bbox 1708 2188 2130 2268; x_wconf 71' lang='lat' dir='ltr'>quinquaqinta</span> <span class='ocrx_word' id='word_1_82' title='bbox 2178 2234 2187 2244; x_wconf 94' lang='lat'><strong><em>.</em></strong></span> <span class='ocrx_word' id='word_1_83' title='bbox 2222 2234 2231 2244; x_wconf 94' lang='lat'><em>.</em></span> <span class='ocrx_word' id='word_1_84' title='bbox 2298 2188 2443 2262; x_wconf 85' lang='lat'>150,</span> 
     </span>
    </p>

    <p class='ocr_par' dir='ltr' id='par_1_12' title="bbox 589 2286 2422 2471">
     <span class='ocr_line' id='line_1_18' title="bbox 589 2286 2422 2370; baseline 0.002 -26"><span class='ocrx_word' id='word_1_85' title='bbox 589 2288 808 2364; x_wconf 85' lang='lat' dir='ltr'>Aquae</span> <span class='ocrx_word' id='word_1_86' title='bbox 839 2286 1120 2366; x_wconf 73' lang='lat' dir='ltr'>partibus</span> <span class='ocrx_word' id='word_1_87' title='bbox 1165 2293 1389 2348; x_wconf 78' lang='lat' dir='ltr'>centum</span> <span class='ocrx_word' id='word_1_88' title='bbox 1428 2290 1850 2370; x_wconf 71' lang='lat' dir='ltr'>quinquaqinta</span> <span class='ocrx_word' id='word_1_89' title='bbox 1869 2336 2232 2347; x_wconf 90' lang='grc'><strong>.........</strong></span> <span class='ocrx_word' id='word_1_90' title='bbox 2296 2290 2422 2348; x_wconf 82' lang='grc'>150</span> 
     </span>
     <span class='ocr_line' id='line_1_19' title="bbox 762 2388 1074 2471; baseline 0.003 -24"><span class='ocrx_word' id='word_1_91' title='bbox 762 2388 1074 2471; x_wconf 89' lang='lat' dir='ltr'>paranda.</span> 
     </span>
    </p>
   </div>
   <div class='ocr_carea' id='block_1_6' title="bbox 412 2489 2443 3491">
    <p class='ocr_par' dir='ltr' id='par_1_13' title="bbox 414 2489 2443 2766">
     <span class='ocr_line' id='line_1_20' title="bbox 501 2489 2439 2574; baseline 0.001 -25"><span class='ocrx_word' id='word_1_92' title='bbox 501 2489 807 2549; x_wconf 88' lang='lat' dir='ltr'>Tinctura</span> <span class='ocrx_word' id='word_1_93' title='bbox 869 2492 1096 2551; x_wconf 92' lang='lat' dir='ltr'>coloris</span> <span class='ocrx_word' id='word_1_94' title='bbox 1159 2499 1440 2552; x_wconf 88' lang='lat' dir='ltr'>saturate</span> <span class='ocrx_word' id='word_1_95' title='bbox 1515 2492 1701 2564; x_wconf 87' lang='lat' dir='ltr'>fulvi,</span> <span class='ocrx_word' id='word_1_96' title='bbox 1776 2492 1978 2553; x_wconf 87' lang='lat' dir='ltr'>diluta</span> <span class='ocrx_word' id='word_1_97' title='bbox 2044 2513 2201 2574; x_wconf 91' lang='lat' dir='ltr'>pure</span> <span class='ocrx_word' id='word_1_98' title='bbox 2270 2491 2439 2564; x_wconf 89' lang='lat' dir='ltr'>flavi,</span> 
     </span>
     <span class='ocr_line' id='line_1_21' title="bbox 414 2591 2443 2675; baseline 0.001 -24"><span class='ocrx_word' id='word_1_99' title='bbox 414 2591 628 2652; x_wconf 90' lang='lat' dir='ltr'>odoris</span> <span class='ocrx_word' id='word_1_100' title='bbox 660 2593 866 2671; x_wconf 90' lang='lat' dir='ltr'>qualis</span> <span class='ocrx_word' id='word_1_101' title='bbox 900 2602 993 2654; x_wconf 92' lang='lat' dir='ltr'>est</span> <span class='ocrx_word' id='word_1_102' title='bbox 1024 2593 1229 2666; x_wconf 87' lang='lat' dir='ltr'>Croci,</span> <span class='ocrx_word' id='word_1_103' title='bbox 1281 2597 1524 2674; x_wconf 88' lang='lat' dir='ltr'>saporis</span> <span class='ocrx_word' id='word_1_104' title='bbox 1559 2597 1784 2667; x_wconf 84' lang='lat' dir='ltr'>amari,</span> <span class='ocrx_word' id='word_1_105' title='bbox 1832 2594 2138 2675; x_wconf 88' lang='lat' dir='ltr'>ponderis</span> <span class='ocrx_word' id='word_1_106' title='bbox 2170 2594 2443 2674; x_wconf 87' lang='lat' dir='ltr'>specifici</span> 
     </span>
     <span class='ocr_line' id='line_1_22' title="bbox 417 2694 1000 2766; baseline 0.002 -13"><span class='ocrx_word' id='word_1_107' title='bbox 417 2694 604 2766; x_wconf 80' lang='lat'>0‚980</span> <span class='ocrx_word' id='word_1_108' title='bbox 655 2694 739 2755; x_wconf 83' lang='lat' dir='ltr'>ad</span> <span class='ocrx_word' id='word_1_109' title='bbox 790 2696 1000 2766; x_wconf 77' lang='lat'>0‚984.</span> 
     </span>
    </p>

    <p class='ocr_par' dir='ltr' id='par_1_14' title="bbox 412 2795 2441 3082">
     <span class='ocr_line' id='line_1_23' title="bbox 499 2795 2441 2880; baseline 0.003 -25"><span class='ocrx_word' id='word_1_110' title='bbox 499 2795 574 2855; x_wconf 88' lang='lat' dir='ltr'>In</span> <span class='ocrx_word' id='word_1_111' title='bbox 624 2799 975 2878; x_wconf 63' lang='lat' dir='ltr'>qramnzatzls</span> <span class='ocrx_word' id='word_1_112' title='bbox 1029 2803 1255 2859; x_wconf 77' lang='lat' dir='ltr'>centum</span> <span class='ocrx_word' id='word_1_113' title='bbox 1316 2807 1567 2879; x_wconf 90' lang='lat' dir='ltr'>partem</span> <span class='ocrx_word' id='word_1_114' title='bbox 1631 2799 1972 2859; x_wconf 87' lang='lat' dir='ltr'>solubilem</span> <span class='ocrx_word' id='word_1_115' title='bbox 2035 2804 2441 2880; x_wconf 68' lang='lat' dir='ltr'>qrarnmatum</span> 
     </span>
     <span class='ocr_line' id='line_1_24' title="bbox 414 2887 2438 2980; baseline 0.001 -22"><span class='ocrx_word' id='word_1_116' title='bbox 414 2899 657 2958; x_wconf 74' lang='lat' dir='ltr'>circiter</span> <span class='ocrx_word' id='word_1_117' title='bbox 710 2887 906 2958; x_wconf 76' lang='lat' dir='ltr'>decem</span> <span class='ocrx_word' id='word_1_118' title='bbox 954 2899 1097 2979; x_wconf 90' lang='lat' dir='ltr'>Opii</span> <span class='ocrx_word' id='word_1_119' title='bbox 1159 2901 1467 2972; x_wconf 88' lang='lat' dir='ltr'>continet,</span> <span class='ocrx_word' id='word_1_120' title='bbox 1524 2900 1593 2960; x_wconf 92' lang='lat' dir='ltr'>id</span> <span class='ocrx_word' id='word_1_121' title='bbox 1647 2899 1824 2979; x_wconf 89' lang='lat' dir='ltr'>quod</span> <span class='ocrx_word' id='word_1_122' title='bbox 1880 2901 2230 2980; x_wconf 81' lang='lat' dir='ltr'>respondet</span> <span class='ocrx_word' id='word_1_123' title='bbox 2275 2902 2438 2960; x_wconf 90' lang='lat' dir='ltr'>Mor-</span> 
     </span>
     <span class='ocr_line' id='line_1_25' title="bbox 412 2999 1633 3082; baseline 0.004 -25"><span class='ocrx_word' id='word_1_124' title='bbox 412 2999 596 3079; x_wconf 86' lang='lat' dir='ltr'>phini</span> <span class='ocrx_word' id='word_1_125' title='bbox 636 3002 962 3081; x_wconf 69' lang='lat' dir='ltr'>qrammati</span> <span class='ocrx_word' id='word_1_126' title='bbox 1002 3002 1473 3082; x_wconf 90' lang='lat' dir='ltr'>propemodum</span> <span class='ocrx_word' id='word_1_127' title='bbox 1518 3004 1633 3062; x_wconf 85' lang='lat' dir='ltr'><em>unz&#39;.</em></span> 
     </span>
    </p>

    <p class='ocr_par' dir='ltr' id='par_1_15' title="bbox 412 3102 2439 3491">
     <span class='ocr_line' id='line_1_26' title="bbox 504 3102 2437 3187; baseline 0.002 -25"><span class='ocrx_word' id='word_1_128' title='bbox 504 3102 854 3163; x_wconf 69' lang='lat' dir='ltr'>Grammata</span> <span class='ocrx_word' id='word_1_129' title='bbox 899 3104 1299 3185; x_wconf 71' lang='lat' dir='ltr'>quadraqz‘nta</span> <span class='ocrx_word' id='word_1_130' title='bbox 1330 3105 1672 3165; x_wconf 83' lang='lat' dir='ltr'>Tincturae</span> <span class='ocrx_word' id='word_1_131' title='bbox 1706 3105 1847 3184; x_wconf 90' lang='lat' dir='ltr'>Opii</span> <span class='ocrx_word' id='word_1_132' title='bbox 1884 3114 2191 3177; x_wconf 87' lang='lat' dir='ltr'>crocatae‚</span> <span class='ocrx_word' id='word_1_133' title='bbox 2234 3125 2437 3187; x_wconf 74' lang='lat' dir='ltr'>yram-</span> 
     </span>
     <span class='ocr_line' id='line_1_27' title="bbox 412 3205 2439 3288; baseline 0.002 -25"><span class='ocrx_word' id='word_1_134' title='bbox 412 3209 576 3263; x_wconf 83' lang='lat' dir='ltr'>mata</span> <span class='ocrx_word' id='word_1_135' title='bbox 623 3205 817 3265; x_wconf 76' lang='lat' dir='ltr'>decem</span> <span class='ocrx_word' id='word_1_136' title='bbox 861 3205 1186 3278; x_wconf 83' lang='lat' dir='ltr'>AetheriS‚</span> <span class='ocrx_word' id='word_1_137' title='bbox 1238 3226 1520 3288; x_wconf 75' lang='lat' dir='ltr'>qramma</span> <span class='ocrx_word' id='word_1_138' title='bbox 1565 3227 1746 3267; x_wconf 83' lang='lat' dir='ltr'>unum</span> <span class='ocrx_word' id='word_1_139' title='bbox 1792 3207 2085 3286; x_wconf 88' lang='lat' dir='ltr'>Liquoris</span> <span class='ocrx_word' id='word_1_140' title='bbox 2117 3207 2439 3267; x_wconf 90' lang='lat' dir='ltr'>Ammonii</span> 
     </span>
     <span class='ocr_line' id='line_1_28' title="bbox 416 3307 2436 3389; baseline 0.002 -26"><span class='ocrx_word' id='word_1_141' title='bbox 416 3307 673 3365; x_wconf 88' lang='lat' dir='ltr'>caustici</span> <span class='ocrx_word' id='word_1_142' title='bbox 718 3315 1061 3387; x_wconf 86' lang='lat' dir='ltr'>postquam</span> <span class='ocrx_word' id='word_1_143' title='bbox 1106 3327 1310 3388; x_wconf 87' lang='lat' dir='ltr'>pensa</span> <span class='ocrx_word' id='word_1_144' title='bbox 1354 3310 1423 3368; x_wconf 87' lang='lat' dir='ltr'>in</span> <span class='ocrx_word' id='word_1_145' title='bbox 1463 3308 1725 3389; x_wconf 81' lang='lat' dir='ltr'>aliquod</span> <span class='ocrx_word' id='word_1_146' title='bbox 1755 3327 1872 3368; x_wconf 85' lang='lat' dir='ltr'>vas</span> <span class='ocrx_word' id='word_1_147' title='bbox 1903 3310 2262 3380; x_wconf 87' lang='lat' dir='ltr'>immiseris,</span> <span class='ocrx_word' id='word_1_148' title='bbox 2313 3311 2436 3369; x_wconf 92' lang='lat' dir='ltr'>hoc</span> 
     </span>
     <span class='ocr_line' id='line_1_29' title="bbox 415 3406 2436 3491; baseline 0.003 -26"><span class='ocrx_word' id='word_1_149' title='bbox 415 3406 659 3466; x_wconf 88' lang='lat' dir='ltr'>fortiter</span> <span class='ocrx_word' id='word_1_150' title='bbox 720 3419 1216 3489; x_wconf 88' lang='lat' dir='ltr'>conquassatum</span> <span class='ocrx_word' id='word_1_151' title='bbox 1281 3410 1506 3470; x_wconf 88' lang='lat' dir='ltr'>claude</span> <span class='ocrx_word' id='word_1_152' title='bbox 1565 3419 1626 3470; x_wconf 91' lang='lat' dir='ltr'>et</span> <span class='ocrx_word' id='word_1_153' title='bbox 1677 3430 1794 3491; x_wconf 90' lang='lat' dir='ltr'>per</span> <span class='ocrx_word' id='word_1_154' title='bbox 1847 3411 2041 3470; x_wconf 85' lang='lat' dir='ltr'>horas</span> <span class='ocrx_word' id='word_1_155' title='bbox 2100 3411 2436 3472; x_wconf 88' lang='lat' dir='ltr'>duodecim</span> 
     </span>
    </p>
   </div>
  </div>
 </body>
</html>
