2808 3996
1383 250 1533 321 290

1129 429 1807 541 Tragacantha.

547 592 812 652 Mucedo
846 591 928 652 ad
959 593 1231 652 laminas
1263 593 1571 671 striasque
1601 595 1912 653 taeniatas
1946 603 2054 653 aut
2082 592 2389 653 falciform
2400 613 2463 654 es

459 694 759 755 indurata
806 703 867 756 et
913 715 990 755 ex
1030 695 1338 755 trunculis
1383 703 1674 775 excepta,
1723 715 1880 776 quos
1920 697 2192 756 offerunt
2230 697 2463 756 multae

379 787 383 791 ²
463 798 943 876 Astragalorum
988 801 1226 879 species
1271 800 1339 858 in
1386 799 1539 858 Asia
1584 799 1827 859 Minore
1875 809 1937 860 et
1982 799 2279 860 Citeriore
2324 818 2462 859 nas-

461 909 697 973 centeS,
744 910 815 962 ut
858 902 1232 979 Astragalus
1282 903 1652 978 ascendenS,
1700 903 2073 980 Astragalus
2103 902 2462 978 leiocladOS,

459 1005 831 1083 Astragalus
885 1005 1339 1084 brachycalyx,
1412 1005 1786 1083 Astragalus
1834 1006 2193 1084 gummifer,
2250 1009 2463 1064 Astra-

460 1109 645 1186 galus
705 1109 1230 1188 microcephalus,
1295 1109 1671 1186 Asu-alagus
1733 1109 2184 1188 pycnoclad0S,
2249 1113 2463 1168 Astra-

460 1212 644 1289 galus
695 1231 906 1272 verus·
990 1211 1339 1291 Eligendae
1384 1219 1530 1272 sunt
1574 1219 1788 1283 notae,
1837 1230 2000 1292 quae
2046 1219 2335 1272 constant
2386 1232 2464 1272 ex

458 1314 672 1374 frustis
719 1317 952 1375 striatis
992 1315 1175 1387 albiS,
1228 1315 1589 1395 diaphanis,
1637 1334 1770 1375 non
1818 1314 2233 1375 crassioribus
2272 1335 2462 1394 quam

458 1417 810 1479 millimeffos
873 1420 1116 1478 circiter
1170 1439 1352 1479 unum
1419 1418 1503 1479 ad
1571 1423 1685 1479 tres
1738 1437 1944 1498 neque
2006 1420 2210 1479 minus
2271 1438 2462 1498 quam

458 1523 846 1583 centimetrum
892 1523 1191 1583 dimidium
1235 1522 1401 1582 latis.

545 1625 1014 1705 Tragacantha,
1062 1625 1249 1705 Aqua
1281 1625 1630 1706 superfusa,
1670 1623 1861 1685 valde
1892 1626 2278 1695 intumescit3
2326 1625 2461 1704 pul-

456 1737 676 1789 verata
695 1778 708 1801 ,
759 1729 1036 1810 partibus
1089 1730 1506 1811 quinquaqinta
1551 1729 1772 1808 Aquae
1819 1727 2148 1799 admixtis,
2204 1729 2461 1788 mucila-

458 1833 671 1911 ginem
696 1833 961 1913 praebet
986 1833 1330 1904 turbidam,
1364 1831 1694 1902 lubricam,
1728 1833 2013 1903 inertem,
2049 1851 2211 1911 quae
2243 1831 2462 1891 addito

457 1935 726 2015 Liquere
787 1936 850 1996 N
852 1938 971 1996 atri
1042 1937 1300 1996 caustici
1370 1935 1644 1996 colorem
1713 1933 1950 1994 flavum
2017 1934 2232 1995 trahit.
2326 1935 2462 2011 Qua

457 2040 841 2118 mucilagine
885 2039 1072 2119 Aqua
1129 2038 1329 2099 diluta
1385 2047 1446 2098 et
1496 2037 1749 2109 filu-ata,
1798 2037 1892 2108 id,
1950 2037 2122 2117 quod
2175 2039 2243 2098 in
2295 2038 2461 2099 filtro

457 2144 780 2214 restiterit,
829 2144 881 2203 si
926 2141 1093 2203 Jodo
1142 2143 1591 2222 consperseriS,
1643 2140 1918 2200 colorem
1960 2160 1992 2200 e
2024 2142 2209 2220 nigro
2251 2162 2461 2202 caeru-

457 2245 625 2304 leum
683 2245 883 2318 ducit,
948 2265 1066 2306 nec
1118 2264 1271 2304 vero
1332 2245 1544 2324 liquor
1597 2243 1929 2316 delabens,
1999 2243 2187 2324 Aqua
2231 2243 2469 2326 jodata

459 2349 772 2421 admixta,
828 2349 1148 2410 caeruleus
1194 2347 1282 2408 fit.

1195 2641 1718 2728 Trochisci.

544 2805 649 2866 Ad
694 2806 1068 2866 Trochiscos
1115 2806 1518 2865 saccharatos
1563 2805 1884 2885 parandos
1935 2814 2068 2865 tota
2115 2805 2465 2866 substantia

458 2909 772 2969 medicata
805 2929 945 2968 cum
986 2916 1165 2969 tanta
1212 2907 1513 2968 Sacchari
1559 2908 1875 2988 pulverati
1915 2910 2097 2988 copia
2131 2908 2464 2987 diligenter

460 3014 959 3083 commisceatur,
1004 3020 1074 3071 ut
1115 3011 1507 3090 singulorum
1544 3012 2002 3071 trochiscorum
2037 3011 2186 3071 inde
2220 3011 2461 3072 effecto-

457 3135 599 3175 rum
623 3115 873 3195 pondus
899 3116 980 3174 sit
998 3115 1347 3196 qrammatzs
1370 3114 1568 3191 unius,·
1611 3121 1747 3173 tum
1773 3113 2010 3194 Spiritu
2038 3114 2237 3175 diluto
2284 3124 2464 3175 caute

460 3217 737 3298 adjecto,
814 3220 881 3277 in
934 3218 1262 3298 pulverem
1317 3216 1653 3277 humidum
1708 3216 2056 3296 redigatur,
2135 3219 2243 3297 qui
2298 3238 2461 3277 com-

458 3341 710 3401 pressus
742 3341 1013 3381 massam
1055 3320 1495 3380 cohaerentem
1529 3319 1848 3399 praebeat.
1919 3319 2016 3379 Ex
2047 3319 2171 3380 hoc
2202 3321 2463 3401 pulvere

459 3423 944 3484 Trochiscorum
989 3444 1312 3496 numerus,
1362 3425 1470 3503 qui
1516 3425 1882 3503 requiritur,
1929 3422 2248 3484 formetur.
