2808 3996
1358 223 1461 273 vll

558 390 756 472 Quod
795 391 1174 471 consilium,
1229 392 1478 458 talibus
1524 392 1933 481 adjumentis
1988 394 2412 476 instructum,

404 547 561 590 cum
604 523 967 590 deliberare
1018 524 1379 614 coepisset,
1432 547 1597 590 mox
1649 504 2171 606 animadvertit,
2201 527 2413 593 medi-

403 666 895 762 camentorum,
953 679 1130 746 quae
1165 657 1383 747 priore
1430 658 1723 725 editione
1762 659 2219 738 continentur,
2275 682 2416 726 non

399 811 623 878 pauca
685 813 772 856 ex
823 789 1383 880 Pharmacopoea
1443 793 1858 858 removenda
1921 814 2096 871 esse,
2163 792 2416 881 quippe

402 944 578 1011 quae
631 922 719 988 ad
756 922 1129 989 sententias
1183 923 1699 1013 opinionesque,
1757 947 1934 1013 quae
1972 923 2246 1013 quidem
2282 924 2414 990 hoc

399 1064 706 1144 tempore
735 1056 922 1144 apud
948 1055 1259 1122 homines
1293 1056 1451 1122 artis
1481 1056 1785 1123 medicae
1813 1057 2064 1146 peritos
2094 1057 2415 1146 vigerent,

391 1187 538 1277 jam
564 1211 808 1278 parum
847 1197 1078 1254 essent
1114 1189 1660 1279 accommodata3
1696 1211 1922 1278 neque
1950 1188 2175 1254 minus
2204 1188 2417 1254 mani-

398 1319 652 1387 festum
705 1319 965 1387 factum
1020 1330 1149 1401 est,
1203 1322 1344 1388 fieri
1386 1331 1529 1387 non
1572 1343 1805 1411 posse,
1859 1331 1938 1387 ut
1989 1343 2172 1387 nova
2206 1321 2417 1387 medi-

400 1463 714 1521 camenta
739 1453 1209 1544 reciperentur,
1238 1454 1367 1520 nisi
1396 1477 1573 1544 quae
1597 1455 1776 1521 vitae
1803 1454 2181 1520 cotidianae
2208 1453 2417 1520 utilis-

399 1587 570 1653 sima
624 1609 776 1654 esse
828 1609 971 1653 non
1023 1588 1231 1654 modo
1285 1587 1396 1654 via
1459 1597 1667 1678 atque
1720 1588 1980 1676 ratione
2035 1588 2157 1654 sed
2212 1587 2416 1654 etiam

397 1742 529 1786 usu
582 1729 789 1809 atque
845 1720 1260 1810 experientia
1315 1720 1838 1810 comprobatum
1893 1729 2091 1786 esset.

549 1853 906 1920 Praeterea
944 1854 1285 1943 apparuit,
1334 1876 1449 1920 eas
1486 1876 1621 1933 reS,
1679 1877 1856 1943 quae
1895 1852 2172 1943 singulis
2209 1852 2417 1919 Phar-

396 2009 815 2077 macopoeae
852 1987 1186 2077 capitibus
1226 1996 1689 2077 exponuntur,
1734 1987 1979 2077 partim
2017 1986 2158 2052 aliis
2195 1986 2414 2053 verbis

398 2120 744 2201 dicendaS,
798 2120 1045 2210 partim
1100 2119 1287 2186 aliter
1325 2119 1784 2209 disponendas
1843 2141 2018 2199 esse,
2078 2119 2148 2184 in
2199 2118 2416 2208 iisque
2503 2150 2506 2152 ’

398 2277 575 2343 (11166
613 2253 857 2342 cuique
900 2252 1399 2319 medicamento
1446 2251 1716 2341 propria
1755 2260 1985 2317 essent
2036 2251 2413 2317 accuratius

399 2386 716 2476 explicari
793 2395 862 2453 et
937 2385 1182 2475 quibus
1259 2384 1631 2451 rationibus
1712 2383 1951 2450 melius
2029 2383 2415 2472 rectiusque

399 2518 767 2587 examinari
841 2527 1129 2608 possent
1205 2516 1402 2605 adjici
1472 2517 1743 2595 debere,
1833 2515 1888 2582 si
1959 2515 2246 2581 facultas
2309 2515 2413 2582 fa-

293 2743 297 2748 1
398 2652 637 2720 cienda
692 2661 873 2718 esset
928 2660 1109 2717 certo
1167 2649 1591 2739 explorandi,
1662 2671 1830 2715 1111111
1893 2649 2412 2729 medicamenta,

398 2785 623 2875 qualia
659 2785 728 2851 in
770 2784 1055 2851 officinis
1097 2794 1500 2874 prostarent,
1551 2805 1648 2862 ea,
1699 2805 1835 2871 qua
1882 2790 2241 2872 oporteret,
2287 2803 2411 2847 na-

396 2928 548 2984 tura
602 2939 682 2982 ac
736 2916 1044 2983 bonitate
1101 2925 1347 2982 essent.

549 3049 670 3115 His
709 3058 939 3114 autem
979 3047 1290 3136 cognitiS,
1339 3069 1496 3113 cum
1533 3045 1709 3126 viae,
1749 3045 1993 3135 quibus
2031 3046 2099 3112 in
2135 3046 2410 3136 negotio

398 3182 838 3271 exsequendo
877 3180 1326 3247 insistendum
1364 3178 1562 3259 foret,
1602 3178 1796 3268 quasi
1827 3189 2410 3269 praemonstratae

398 3326 653 3394 essent,
705 3335 844 3380 uno
892 3313 1197 3379 omnium
1244 3335 1585 3379 consensu
1630 3311 1761 3378 hoc
1797 3321 2160 3399 utrumque
2198 3320 2411 3376 statu-

395 3458 546 3514 tum
599 3456 729 3527 est,
782 3446 995 3537 priuS,
1052 3447 1320 3513 decreta
1374 3444 1588 3534 magis
1643 3443 1710 3510 in
1769 3444 2154 3509 universum
2210 3466 2407 3533 spec-
