2808 3996
1279 266 1430 337 213

342 443 467 500 rati
515 441 724 501 calore
754 450 985 522 parata
1023 449 1086 502 et
1115 442 1532 522 Hydrogenio
1575 444 1885 506 sulfurato
1931 451 2368 529 praecipitata,

343 545 396 603 si
459 542 825 615 ffltraveriS‚
904 544 1222 623 liquorem
1298 546 1592 624 praebet,
1672 550 1783 627 qui
1862 560 2245 630 evaporatus
2311 560 2374 613 et

341 647 566 705 leniter
613 645 1025 707 candefactus
1069 647 1355 707 volatilis
1403 656 1514 709 est.

431 750 634 808 Caute
679 758 986 808 servetur.
1038 754 1042 757 ’

944 981 1768 1097 Podophyllinum.

427 1159 1005 1240 Podophyllinum,
1088 1179 1167 1220 ex
1230 1168 1513 1221 extracto
1577 1164 1918 1242 spirituoso
1981 1164 2369 1240 rhizomatis,

341 1263 515 1342 quod
547 1263 732 1323 offert
760 1262 1229 1342 Podophyllum
1261 1263 1593 1342 peltatum,
1643 1265 1831 1344 Aqua
1861 1269 2369 1347 praecipitatum,

343 1374 436 1426 est
487 1366 702 1446 pulvis
755 1364 961 1425 flavus
1015 1366 1122 1425 vel
1183 1385 1394 1426 massa
1445 1367 1622 1439 laxa,
1687 1366 1984 1441 friabilis,
2051 1372 2277 1431 coloris
2340 1391 2374 1431 e

339 1467 579 1528 flavido
630 1468 739 1528 vel
790 1466 1091 1528 subfusco
1145 1469 1363 1547 grisei,
1430 1471 1481 1530 si
1537 1471 1954 1551 microscopio
2010 1472 2371 1553 subjeceris,

341 1571 674 1651 amorpha.

428 1674 978 1754 Podophyllinum
1014 1674 1222 1733 calore
1260 1674 1425 1734 1000
1454 1676 1793 1754 paullatim
1835 1677 2110 1738 colorem
2151 1679 2373 1740 obscu-

338 1779 572 1837 riorem
624 1777 826 1837 trahit
879 1795 1085 1856 neque
1137 1797 1290 1837 vero
1353 1777 1673 1856 liquescit3
1730 1778 1929 1852 idem,
1989 1800 2131 1840 cum
2187 1781 2375 1861 Aqua

341 1888 833 1960 conquassatum
901 1899 976 1938 ac
1034 1879 1267 1939 deinde
1332 1879 1668 1953 filtratum,
1735 1882 2047 1961 liquorem
2109 1885 2375 1963 praebet

341 1984 569 2043 coloris
634 2002 839 2063 paene
896 1990 1249 2062 expertem,
1299 1985 1545 2063 saporis
1589 1986 1814 2055 amari,
1872 1986 2118 2044 laccam
2173 1989 2374 2046 musci

338 2106 468 2146 non
499 2093 870 2157 mutantem,
913 2086 1023 2164 qui
1058 2084 1282 2144 addito
1313 2084 1504 2146 Ferro
1545 2086 2052 2166 sesquichlorato
2097 2089 2373 2148 colorem

340 2187 588 2249 fuscum
637 2189 829 2248 ducit.
908 2186 1107 2259 Idem,
1157 2187 1429 2266 Liquore
1461 2187 1719 2248 Plumbi
1751 2189 2094 2249 subacetici
2128 2190 2368 2263 addito,

341 2293 620 2352 colorem
655 2289 895 2350 flavum
939 2289 1142 2349 trahit
1189 2298 1250 2349 et
1294 2291 1703 2370 perpaullum
1750 2292 2079 2372 opalescit3
2131 2294 2374 2373 aliquot

339 2394 517 2455 horis
572 2393 1002 2465 circumactis,
1066 2390 1319 2451 flocculi
1386 2392 1614 2452 coloris
1682 2412 1715 2452 e
1769 2394 1965 2455 rubro
2021 2394 2172 2455 flavi
2226 2397 2370 2457 sub-

341 2498 576 2558 sidunt.

428 2599 1002 2680 Podophyllinum,
1036 2599 1101 2658 in
1134 2598 1427 2678 Liquoris
1458 2598 1783 2659 Ammonii
1818 2602 2076 2659 caustici
2094 2601 2373 2681 partibus

284 2726 290 2730 ·
342 2709 566 2765 eentum
614 2703 920 2774 solutum,
968 2702 1283 2781 liquorem
1333 2700 1526 2762 efficit
1572 2702 1802 2762 coloris
1851 2722 1929 2761 ex
1975 2702 2143 2762 flavo
2190 2703 2366 2775 fusci,

342 2808 454 2887 qui
499 2805 689 2885 Aqua
736 2804 975 2865 dilutus
1021 2823 1150 2863 non
1193 2803 1517 2875 turbatur3
1567 2804 1878 2863 solutione
1927 2807 2371 2865 ammoniacali

340 2909 784 2979 neutralisata,
839 2906 1091 2966 flocculi
1140 2906 1301 2966 fusci
1347 2905 1704 2966 subsidunt.
1799 2906 2366 2985 Podophyllinum,

343 3015 410 3072 in
478 3012 751 3092 Spiritus
806 3007 1086 3090 partibus
1154 3009 1348 3069 decem
1418 3009 1719 3079 solutum,
1800 3008 2104 3087 liquorem
2181 3009 2370 3069 officit

345 3116 587 3175 intense
633 3113 907 3183 fuscum,
968 3130 1047 3170 ex
1091 3130 1246 3190 qu0‚
1305 3110 1493 3189 Aqua
1549 3109 1795 3180 addita,
1846 3109 2089 3168 ssocculi
2142 3112 2368 3170 coloris

346 3237 426 3276 ex
450 3219 657 3296 griseo
682 3215 843 3275 fusci
868 3214 1390 3293 praecipitantur.
1441 3211 1984 3290 Podophyllinum
2017 3213 2076 3269 in
2097 3211 2368 3270 Aethere

344 3328 593 3379 tantum
650 3338 728 3377 ex
781 3324 964 3396 parte
1017 3316 1315 3385 solvitur,
1372 3314 1572 3372 multo
1620 3315 1827 3371 minus
1874 3315 2060 3372 etiam
2112 3315 2172 3370 in
2222 3315 2365 3372 (jar-

347 3421 552 3483 boneo
599 3419 928 3480 sulfurato,
