2808 3996
1401 267 1550 338 312

643 445 829 505 Natri
886 447 1146 506 eaustiei
1212 445 1462 517 addito,
1537 445 1812 505 effeceris
1886 451 1946 503 et
2007 443 2172 503 bene
2228 444 2485 515 elutum,

643 546 831 624 Aqua
879 546 1099 617 affusa,
1151 546 1235 606 ad
1268 552 1480 627 partes
1525 546 1719 606 decem
1768 548 2035 605 auxeris.

467 654 871 747 Magnesium
919 670 1310 730 sulsuricum.

643 770 718 829 In
749 771 1030 851 partibus
1075 792 1280 832 novem
1326 773 1547 851 Aquae
1595 773 1891 833 solutum.

466 895 526 953 N
529 894 760 954 atrium
806 896 1130 955 acetieum.

642 995 718 1056 In
749 994 1030 1076 partibus
1075 1004 1351 1080 quattuor
1396 1001 1620 1078 Aquae
1668 1000 1964 1059 solutum.

467 1121 526 1179 N
529 1119 759 1180 atrium
805 1123 1225 1182 cal-bonicum.

642 1221 717 1281 In
749 1224 1029 1302 partibus
1074 1230 1351 1307 quattuor
1397 1225 1620 1305 Aquae
1667 1226 1962 1285 solutum.

467 1347 527 1405 N
530 1347 761 1407 atrium
806 1348 1212 1408 metallicum.

464 1471 526 1530 -Ν
530 1471 761 1531 atrium
807 1473 1314 1552 phosphm'icum.
1532 1561 1536 1565 ι

643 1574 718 1633 In
750 1575 1029 1654 partibus
1073 1596 1279 1636 novem
1326 1581 1381 1636 et
1423 1576 1617 1636 decem
1663 1577 1886 1655 Aquae
1933 1576 2229 1636 solutum.

467 1698 527 1756 N
530 1697 760 1757 atrium
809 1701 1217 1759 sulsurosum.

646 1799 781 1875 Quo
837 1822 979 1862 eum
1042 1822 1202 1882 opus
1268 1802 1480 1874 fuerit,
1546 1804 1612 1862 in
1668 1802 1950 1883 partibus
2003 1823 2208 1864 novem
2265 1803 2486 1882 Aquae

645 1905 946 1965 solvatur.

470 2026 719 2087 Solutio
767 2030 996 2107 Amyli.
2017 2092 2022 2098 .

645 2130 783 2205 Qua
837 2153 979 2191 eum
1034 2153 1193 2212 opus
1240 2132 1452 2203 fuerit,
1520 2152 1599 2192 ex
1652 2131 1923 2193 frustulo
1979 2152 2226 2192 massae
2282 2134 2490 2212 signa-

643 2236 842 2292 toriae
906 2235 1092 2294 albae
1149 2255 1290 2294 eum
1337 2235 1527 2314 Aqua
1580 2234 1832 2294 fervida
1888 2235 2374 2314 conquassando
2434 2245 2494 2295 et

643 2334 944 2396 filtrando
993 2345 1269 2416 paretur.

470 2458 719 2518 Solutio
767 2460 935 2520 Jofli.

645 2562 881 2641 Liquor
927 2564 1401 2624 volumetrieus.

469 2685 769 2764 Spiritus·

468 2809 748 2888 Spiritus
798 2812 1144 2871 absolutus,

643 2912 949 2972 Ponderis
997 2913 1271 2992 specifici
1322 2915 1420 2986 0,7
1434 2920 1508 2972 95
1562 2913 1646 2973 ad
1696 2915 1906 2986 O‚800.

469 3035 786 3096 Stannum
832 3043 1177 3116 raspatum.

471 3160 756 3220 Zineum.

645 3262 744 3322 Sit
783 3263 1053 3323 liberum
1103 3265 1183 3323 ab
1232 3265 1552 3324 ArseniCO.
