2808 3996
1230 263 1381 334 209

493 441 1202 554 Piloearpinum
1261 439 2121 554 hydroehlorieum.

383 605 703 684 Crystalla
759 603 937 675 alba,
1008 603 1350 674 neutralia,
1422 604 1668 682 saporis
1717 604 1944 673 amari,
2018 605 2158 661 aere
2206 602 2320 660 hu-

293 708 669 777 mescentia3
717 708 786 766 in
818 706 1006 785 Aqua
1038 714 1149 764 aut
1180 705 1424 784 Spiritu
1456 704 1641 765 facile
1673 705 1991 774 solubilia,
2035 706 2322 782 paullum

293 828 447 869 vero
510 811 579 869 in
634 809 912 868 Aethere
970 815 1079 867 aut
1126 806 1611 867 Chloroformio.
1705 807 1781 866 In
1835 807 2039 866 Aeiclo
2093 808 2321 865 nitrieo

294 911 583 971 filmante
613 913 703 971 ita
734 911 1091 993 solvuntur,
1140 917 1212 969 ut
1243 910 1520 969 eolorem
1555 931 1588 969 e
1635 910 1948 970 subviridi
1979 909 2323 988 pallentem

294 1014 578 1074 trahant.

382 1115 458 1175 In
528 1117 680 1176 salis
751 1106 1067 1176 solutione
1136 1134 1379 1195 aquosa
1446 1115 1652 1176 diluta
1712 1116 1949 1194 Liquor
2007 1115 2325 1173 Ammonii

297 1219 560 1278 eaustiei
615 1218 1042 1278 sedimentum
1088 1238 1220 1278 non
1268 1216 1485 1288 efficit3
1548 1219 1786 1297 Liquor
1832 1219 1892 1277 N
1899 1219 2019 1277 atri
2068 1218 2325 1276 eaustiei

296 1321 678 1380 solutionem
724 1341 853 1380 non
898 1322 1119 1381 turbat
1162 1322 1286 1381 nisi
1319 1328 1829 1381 veoneentratam.

386 1424 587 1482 Caute
633 1430 936 1483 servetur.

650 1539 842 1599 Dosis
889 1541 1169 1599 maxima
1216 1540 1473 1618 singula
1521 1545 1677 1617 0,03.

650 1642 842 1702 Dosis
889 1643 1167 1702 maxima
1211 1662 1328 1722 pro
1377 1643 1477 1702 die
1524 1647 1679 1720 0,06.

610 1862 981 1949 Pilulae
1045 1862 1521 1950 alnetieae
1582 1863 2025 1950 ferratae.

476 2025 657 2085 Ferri
704 2026 993 2086 sulfuriei
1039 2026 1210 2104 sicci,

476 2128 666 2187 Aloe‘s
714 2129 1086 2207 pulveratae
1131 2128 1497 2211 sinyulorum
1530 2134 1740 2209 partes
1787 2128 2058 2211 aequales

299 2232 534 2291 mixtas
583 2239 839 2291 eontere
887 2251 1031 2290 eum
1076 2238 1259 2291 tanta
1291 2232 1566 2312 Spiritus
1601 2234 1805 2311 eopia,
1854 2241 1925 2291 ut
1956 2231 2067 2290 fiat
2099 2250 2324 2299 massa,

301 2354 381 2394 ex
427 2354 556 2413 qua
602 2335 845 2414 pilulae
887 2336 1242 2416 yrammatis
1274 2333 1380 2412 0,1
1414 2335 1686 2415 pondere
1716 2334 2084 2395 formentur.
2159 2333 2328 2406 Quae

298 2437 541 2517 pilulae
600 2436 910 2498 Tinetura
973 2437 1165 2498 Aloes
1234 2438 1595 2510 illinantur,
1667 2448 1738 2498 ut
1805 2437 2136 2518 superficie
2203 2438 2330 2496 sint

301 2539 528 2611 nitida,
585 2541 792 2620 nigra.

673 2746 1045 2833 Pilulae
1108 2746 1385 2833 Ferri
1449 2746 1958 2832 carboniei.

479 2908 659 2969 Ferri
707 2908 995 2968 sulfuriei
1027 2914 1239 2989 partes
1285 2910 1709 2991 quinquaqinta
1748 2954 2110 2968 .........
2223 2908 2327 2980 50,

655 3013 721 3071 in

478 3119 698 3194 Aquae
745 3114 1102 3174 ebullientis
1136 3114 1415 3194 partibus
1461 3115 1715 3175 (Ζησθηίῑῖς
1750 3160 2110 3174 .........
2178 3113 2305 3169 200

656 3218 923 3287 solutas,
967 3218 1036 3275 in
1069 3217 1367 3296 lagenam
1402 3217 1685 3295 amplam
1720 3217 1911 3286 filtra,
1961 3235 2124 3293 quae

481 3319 686 3380 Natrii
733 3319 1116 3380 bicarboniei
1149 3325 1361 3399 partes
1409 3319 1642 3399 triglc‘nta
1681 3320 1934 3400 quinque
1967 3365 1975 3374 .
2010 3365 2020 3374 .
2054 3364 2063 3373 .
2097 3364 2107 3373 .
2223 3318 2326 3389 35,

658 3423 729 3482 in

1924 3547 1978 3589 27
