2808 3996
1443 270 1594 341 232

955 475 960 479 ’
1029 494 1609 580 Saoeharum
1670 494 2019 579 Lac-tis,

599 671 918 750 Crystalla
966 670 1186 731 albida
1228 671 1336 731 vel
1381 671 1595 751 pulvis
1629 673 2039 750 crystallinus
2074 671 2277 741 albus,
2328 672 2535 731 calore

516 774 628 832 150
684 774 752 831 in
785 772 1065 851 partibus
1109 778 1347 852 septem,
1407 774 1616 832 calore
1676 775 1833 832 1000
1892 776 1959 833 in
1992 774 2262 853 pondere
2308 774 2541 855 aequali

509 875 733 954 Aquae
779 876 860 936 ad
909 876 1221 954 liquorem
1268 877 1513 956 saporis
1559 876 1784 935 leviter
1818 876 2039 947 duleis,
2090 895 2327 955 syrupo
2360 876 2536 936 haud

509 978 780 1037 similem
826 977 1131 1037 solubilis,
1213 976 1279 1038 Si
1312 977 1615 1038 Saeehari
1661 979 1868 1038 Laetis
1909 984 2254 1060 yrammata
2299 977 2407 1054 0,2
2454 978 2537 1037 ad

509 1081 891 1140 solutionem
940 1080 1371 1151 ebullientem,
1446 1101 1525 1139 ex
1587 1082 1942 1162 yrammatis
1988 1082 2285 1163 quaternis
2330 1081 2392 1140 N
2396 1082 2535 1140 atrii

510 1183 832 1242 carboniei
881 1189 942 1241 et
986 1182 1210 1261 Aquae
1252 1184 1687 1263 compositam,
1738 1182 2082 1252 addideriS,
2132 1184 2341 1261 liquor
2372 1185 2536 1242 colo-

507 1305 641 1345 rem
688 1283 925 1343 flavum
983 1284 1172 1344 ducit.
1288 1284 1557 1344 Bismuti
1626 1285 1956 1345 subnitrici
2019 1291 2362 1366 grammata
2431 1283 2539 1362 O,2

507 1388 769 1467 insuper
816 1386 1038 1447 addita
1085 1389 1471 1466 nigrescunt,
1522 1389 1574 1447 si
1607 1387 1891 1446 ebullitio
1938 1407 2052 1467 per
2099 1388 2537 1466 insequentem

506 1497 757 1570 partem
804 1490 1001 1549 horae
1036 1489 1480 1549 duodecimam
1514 1492 1885 1550 continuata
1918 1491 2048 1549 erit.
2124 1489 2198 1549 In
2231 1491 2538 1551 mixtione

506 1592 779 1664 fervida,
854 1613 933 1652 ex
991 1594 1343 1674 yrammatzls
1405 1598 1680 1675 quattuor
1734 1592 2021 1671 Liquoris
2077 1592 2332 1669 Plumbi
2392 1593 2538 1654 sub-

510 1697 729 1755 aeetiei
779 1703 840 1755 et
886 1695 1116 1756 duobus
1160 1696 1452 1774 Liquoris
1484 1696 1810 1754 Ammonii
1858 1697 2117 1755 caustici
2167 1698 2535 1775 composita,

510 1799 743 1858 additis
784 1797 1087 1858 Sace-hari
1118 1798 1326 1857 Laetis
1368 1799 1722 1879 yrammcttis
1753 1796 1879 1874 Ο,2,
1929 1798 2352 1858 sedimentum
2391 1799 2536 1858 sub·

510 1901 677 1961 sidat
747 1901 973 1960 eoloris
1042 1921 1201 1980 pure
1272 1900 1431 1971 albi,
1503 1921 1635 1960 non
1704 1901 1900 1959 rubri.
2017 1900 2203 1959 Acidi
2257 1899 2538 1960 sulfurici

504 2023 786 2085 ‚qramma
818 2023 999 2063 mmm
1032 2003 1224 2082 plane
1260 2002 1627 2074 dilatatum,
1675 2005 1726 2063 si
1768 2003 2069 2063 Sacehari
2100 2003 2308 2063 Laetis
2335 2024 2537 2084 yram-

508 2107 681 2166 matc's
727 2103 836 2181 O,2
883 2106 1326 2185 consperseriS,
1379 2106 1536 2164 hora
1568 2104 1920 2186 interjecta,
1971 2107 2143 2165 color
2184 2114 2293 2165 aut
2324 2107 2538 2166 nullus

510 2209 748 2267 oriatur
795 2215 904 2267 aut
953 2207 1286 2267 dumtaxat
1332 2207 1664 2278 subruber,
1715 2227 1845 2266 non
1895 2227 1927 2267 e
1973 2207 2148 2268 fusco
2195 2210 2394 2287 niger.

863 2532 1023 2618 Sal
1086 2530 1631 2638 Carolinum
1691 2530 2173 2616 factitium.

684 2714 743 2770 N
747 2709 890 2770 atrii
924 2709 1209 2768 sulfuriei
1244 2708 1390 2768 sieei
1423 2714 1632 2787 partes
1674 2709 2071 2789 quadraye'nta
2110 2714 2386 2789 quattuor
2433 2710 2537 2784 44,

685 2812 853 2872 Kalii
903 2811 1188 2871 sulsurici
1238 2817 1441 2891 parles
1488 2812 1639 2871 duas
1696 2858 2370 2869 ................
2475 2814 2537 2887 2,

685 2918 739 2974 N
747 2914 890 2973 atrii
937 2914 1200 2972 ehlorati
1236 2919 1442 2992 partes
1489 2919 1614 2972 octo
1666 2919 1720 2972 et
1762 2913 1956 2972 decem
2006 2961 2369 2972 .........
2436 2916 2537 2989 18,

686 3019 743 3075 N
748 3016 891 3075 atrii
938 3016 1317 3074 hiem-bonici
1354 3022 1563 3094 partes
1610 3016 1843 3096 ἵνιζςίηία
1887 3035 1988 3074 sea:
2005 3063 2369 3073 .........
2430 3018 2514 3075 36

863 3119 930 3176 in
976 3119 1307 3196 pulverem
1356 3117 1655 3176 subtilem
1702 3116 1994 3176 redactas
2042 3119 2253 3176 misce.

599 3222 819 3281 Pulvis
868 3220 1077 3290 albus,
1129 3221 1350 3279 siccus,
2095 3287 2097 3289 ¹

602 3323 766 3382 Salis
793 3327 1136 3403 mammam
1167 3342 1294 3398 sem,
1328 3323 1395 3379 in
1425 3320 1649 3399 Aquae
1682 3320 1814 3382 lz'trcz
1847 3341 1967 3383 mea
1999 3321 2232 3392 soluta,
2282 3319 2538 3400 Aquam

514 3425 846 3490 Carolinae
893 3424 1164 3491 similem
1205 3423 1511 3491 efficiunt,
