2808 3996
1429 276 1580 345 224

964 540 1286 626 Radix
1349 541 2059 652 Sarsaparillae.

585 718 951 798 Specierum
1009 716 1301 776 Smilacis
1365 717 1433 775 in
1490 717 1787 799 America
1846 717 2057 776 media
2121 720 2519 776 nascentium

493 821 742 879 radices
773 821 1181 898 importatae,
1232 819 1462 897 quibus
1508 839 1742 877 nomen
1777 828 1870 878 est
1902 821 2522 879 Honduras-Sarsa-

492 923 740 1002 parilla.
833 922 932 980 Ne
995 921 1234 980 adhibe
1294 922 1420 980 nisi
1474 921 1725 981 radices
1779 921 1862 981 ad
1919 922 2257 982 clecz'metros
2308 928 2522 1002 septem

493 1026 746 1104 longas,
795 1023 1147 1084 millimetros
1203 1029 1479 1104 quattuor
1535 1043 1805 1100 crassaS,
1868 1024 2221 1083 rhizomate
2266 1024 2518 1105 rejecto

495 1128 659 1187 Sunt
699 1128 850 1186 satis
894 1127 1246 1205 aequaliter
1279 1127 1706 1204 cylindratae,
1755 1128 1990 1205 partim
2035 1146 2149 1206 per
2183 1127 2522 1206 longitudi-

494 1250 641 1288 nem
695 1231 1002 1299 sulcatae,
1052 1230 1428 1308 plerumque
1475 1248 1607 1287 non
1653 1248 1971 1299 ramosae,
2024 1229 2248 1288 coloris
2298 1249 2330 1287 e
2377 1230 2521 1289 sub-

492 1332 670 1391 fusco
711 1333 921 1411 grisei,
970 1331 1292 1390 interdum
1339 1351 1541 1410 prope
1582 1352 1660 1389 ex
1699 1329 1867 1389 flavo
1915 1331 2232 1390 subrubri.
2311 1331 2522 1391 Endo-

496 1434 800 1494 dermidis
855 1434 1076 1493 orbem
1131 1440 1302 1493 arcte
1351 1435 1665 1504 clausum,
1721 1433 1995 1504 fuscum,
2056 1442 2396 1512 angustum
2453 1436 2523 1494 in

493 1538 771 1597 sectione
846 1544 1213 1596 transversa
1290 1536 1751 1595 circumdatum
1836 1555 1968 1595 esse
2047 1546 2315 1615 apparet
2397 1537 2526 1596 tela

495 1640 742 1698 corticis
805 1639 1006 1698 multo
1068 1639 1322 1709 latiore,
1390 1658 1547 1718 pure
1605 1638 1779 1709 alba,
1840 1639 2071 1717 Amylo
2130 1638 2520 1699 abundante.

493 1741 708 1800 Radix
765 1741 1227 1820 Sarsaparillae
1282 1742 1528 1821 saporis
1593 1749 1687 1801 est
1740 1742 2215 1819 mucilaginosi‚
2291 1741 2524 1802 deinde

494 1863 672 1903 acrls.

1089 2121 1410 2206 Radix
1473 2121 1934 2233 Senegae.

580 2298 839 2358 Radicis
897 2306 1115 2377 caput,
1175 2298 1347 2377 quod
1405 2298 1588 2357 offert
1642 2299 1958 2376 polygala
2005 2299 2289 2377 Senega,
2343 2300 2522 2360 tube-

492 2421 733 2471 rosum,
786 2401 1023 2460 crebris
1072 2402 1349 2459 caulium
1389 2400 1762 2479 fragmentis
1812 2410 1872 2460 et
1917 2402 2181 2461 rubellis
2228 2402 2523 2462 foliorum

491 2503 812 2582 lepidibus
882 2503 1271 2582 praeditum,
1361 2502 1749 2581 conjunctim
1833 2524 1975 2563 cum
2056 2505 2269 2564 radice
2331 2525 2526 2584 supra

495 2607 826 2675 annulata,
877 2607 1268 2666 centimetrum
1301 2626 1618 2665 summum
1659 2627 1840 2666 mmm
1872 2612 1926 2666 et
1954 2607 2255 2666 dimidium
2291 2627 2522 2678 crassa,

496 2707 755 2788 ejusque
801 2708 1063 2766 ramulis
1106 2709 1293 2778 raris,
1346 2707 1854 2787 divergentibUS,
1905 2709 1988 2769 ad
2022 2709 2360 2770 clece'metros
2405 2710 2524 2770 duo

492 2812 731 2889 longis,
797 2810 1211 2889 simplicibus.
1305 2810 1379 2868 In
1427 2812 1656 2869 cortice
1703 2809 1941 2870 flavido
1998 2813 2214 2870 carina
2268 2831 2524 2891 surgere

426 2911 429 2914 ⁴
494 2914 678 2983 solet,
745 2931 906 2990 quae
967 2913 1285 2971 ramulum
1346 2912 1579 2971 radicis
1636 2913 2005 2973 circumdat.
2102 2914 2198 2973 Ex
2253 2913 2522 2974 adverso

493 3015 867 3093 plerumque
901 3022 1169 3093 surgunt
1197 3015 1320 3073 tori
1355 3016 1717 3073 transversi.
1780 3015 2023 3075 Cortice
2056 3027 2185 3075 no'n
2218 3018 2522 3075 crassiore

493 3135 690 3195 quam
722 3115 1108 3175 millimetrum
1140 3137 1322 3176 mesum
1352 3124 1615 3187 remotO,
1661 3117 2022 3195 cylindrum
2061 3117 2365 3197 ligneum,
2416 3121 2523 3198 qui

495 3218 780 3277 medulla
827 3226 1022 3288 caret,
1081 3219 1318 3278 crebris
1366 3219 1520 3277 locis
1569 3220 1835 3278 scissum
1869 3227 1929 3279 et
1962 3228 2340 3280 excavatum
2388 3241 2522 3281 esse

497 3327 779 3399 apparet.
882 3320 1097 3379 Radix
1145 3321 1427 3399 Senegae
1473 3321 1638 3379 nihil
1687 3321 1903 3400 Amyli
1953 3323 2257 3392 continet;
2308 3322 2521 3384 odoris

426 3408 431 3412 ’
498 3429 591 3480 est
637 3421 1028 3492 subrancidi,
1079 3424 1324 3502 saporis
1369 3422 1779 3483 vehementer
1826 3425 2003 3483 acris.
