2808 3996
1369 271 1518 341 104

520 454 694 513 Ferri
755 452 1074 532 pulverati
1129 456 1472 531 yrammata
1529 450 1647 510 cluo
1708 451 1775 508 in
1825 449 2177 530 yrammatis
2230 448 2460 528 triyz'nta

433 556 789 625 mixtioniS‚
858 573 1022 633 quae
1089 573 1167 612 ex
1217 552 1497 632 partibus
1567 551 1909 634 aequalibus
1972 549 2162 609 Acidi
2220 549 2460 629 hydro-

435 659 700 718 chlorici
765 664 827 716 et
886 657 1112 736 Aquae
1176 645 1452 727 constat,
1519 674 1724 734 parvo
1779 654 2034 714 residuo
2091 659 2463 711 remanente

432 760 618 820 facile
665 761 1016 819 solvantur.
1111 759 1186 818 In
1235 778 1360 837 quo
1410 757 1583 837 quod
1618 757 1937 816 evolvitur
1968 755 2462 835 Hydrogenium

436 863 729 923 chartam
790 862 1109 921 solutione
1164 860 1436 940 Argenti
1489 861 1703 919 nitrici
1757 861 1812 936 (1
1829 860 1975 935 =2)
2031 858 2463 917 humectatam

432 986 516 1026 ne
562 967 775 1025 statim
824 964 1032 1023 colore
1077 962 1247 1023 flavo
1289 971 1400 1023 aut
1438 962 1616 1022 fusco
1657 960 1916 1021 inficiat.
2012 961 2202 1020 Parte
2248 960 2466 1038 aliqua

435 1068 772 1128 solutionis
821 1066 1043 1126 acidae
1092 1085 1236 1124 cum
1283 1065 1472 1144 Aqua
1529 1063 2062 1144 hydrosulfurata
2106 1083 2222 1143 per
2267 1070 2466 1122 strata

436 1171 783 1252 disjuncta,
841 1188 1004 1228 zona
1058 1168 1443 1228 intermedia
1499 1167 1772 1227 obscura
1825 1187 1908 1226 ne
1964 1168 2225 1225 oriatur.
2319 1166 2467 1225 Alia

434 1293 587 1353 pars
635 1272 923 1353 ejusdem
970 1272 1332 1342 solutioniS‚
1388 1278 1731 1350 postquam
1778 1269 2070 1339 Ferrum,
2117 1267 2323 1328 Acido
2371 1269 2465 1327 ni-

434 1378 592 1436 trico
665 1375 1053 1454 oxydatum,
1132 1374 1406 1452 Liquore
1473 1373 1804 1432 Ammonii
1875 1373 2137 1432 caustici
2207 1370 2469 1431 abunde

438 1479 659 1539 addito
721 1478 1277 1558 praecipitaveris,
1349 1475 1588 1535 filtrata
1648 1476 1964 1555 liquorem
2028 1473 2288 1544 efficiat,
2359 1474 2469 1553 qui

435 1582 709 1661 Liquore
763 1581 1091 1640 Ammonii
1148 1578 1443 1639 sulfurati
1499 1598 1634 1638 non
1691 1578 1842 1638 albo
1900 1578 2111 1637 colore
2155 1579 2464 1636 turbetur.

440 1686 764 1760 Quantum
818 1684 993 1743 Ferri
1058 1685 1126 1742 in
1180 1682 1385 1742 Acido
1441 1681 1942 1761 hydrochlorico
1989 1699 2123 1740 non
2171 1670 2467 1750 solvitur,

438 1790 507 1847 in
554 1787 760 1847 Acido
815 1789 1047 1846 nitrico
1096 1785 1404 1856 solutum,
1462 1786 1516 1844 si
1562 1784 1818 1863 Aquam
1872 1781 2470 1862 hydrosulfuratam

441 1890 793 1962 addideris,
842 1909 922 1948 ne
970 1889 1244 1948 colorem
1291 1887 1568 1968 pullum,
1619 1889 1716 1947 sin
1762 1887 2102 1965 Liquorem
2143 1885 2470 1945 Ammonii

441 1995 699 2053 caustici
748 1992 1005 2052 abunde
1053 1991 1389 2073 adjeceris,
1439 2011 1520 2050 ne
1568 1990 1927 2049 caeruleum
1978 1988 2187 2048 ducat.

530 2096 695 2157 Salis
737 2115 1018 2177 yramma
1064 2093 1124 2171 0,
1140 2099 1201 2170 1,
1250 2095 1317 2153 in
1357 2094 1710 2175 yrmmnatae
1755 2093 2080 2174 quindecim
2111 2090 2299 2150 Acidi
2346 2092 2470 2151 sul-

441 2198 625 2258 furici
674 2198 861 2258 diluti
910 2201 1054 2257 a'ere
1102 2197 1359 2256 excluso
1409 2196 1715 2266 solutum,
1763 2215 1846 2254 ne
1878 2196 2088 2254 minus
2122 2214 2314 2272 quam
2346 2214 2471 2254 cen-

441 2303 698 2362 timetros
743 2301 974 2361 cubicos
1018 2299 1123 2376 55,
1136 2305 1171 2356 5
1217 2300 1510 2378 Liquoris
1542 2299 1715 2358 Kalii
1760 2298 2247 2379 permanganici
2292 2297 2470 2355 volu-

442 2405 688 2463 metrici
736 2403 821 2463 ad
869 2402 1332 2482 oxydationem
1377 2403 1678 2481 requirat.

967 2651 1371 2737 Ferrum
1432 2650 1954 2735 reductum.

532 2815 751 2875 Pulvis
784 2815 1053 2893 griseUS‚
1101 2814 1326 2872 nitoris
1360 2831 1612 2892 experS‚
1662 2813 1773 2890 qui
1807 2818 2099 2889 magnete
2131 2810 2474 2870 attrahitur

447 2926 534 2989 et,
603 2919 656 2976 si
711 2915 1138 2987 fervefeceriS‚
1207 2915 1553 2974 exstinctus
1610 2915 1679 2972 in
1732 2913 1994 2972 Ferrum
2049 2913 2473 2993 oxydulatum

447 3020 801 3100 oxydatum
847 3021 1104 3097 nigrum
1150 3019 1395 3076 transit.

533 3124 708 3182 Ferri
746 3121 991 3181 reducti
1031 3125 1374 3202 mammam
1420 3120 1537 3179 duo
1576 3121 1644 3178 in
1671 3119 2024 3200 yrammatz's
2054 3119 2286 3200 triginta
2317 3119 2471 3178 mix-

446 3227 635 3284 tionis
670 3223 1039 3293 calefactae,
1076 3243 1239 3302 quae
1272 3235 1521 3282 constat
1554 3242 1586 3280 e
1605 3221 1885 3301 partib-us
1916 3221 2256 3302 aequalibus
2287 3220 2472 3281 Acidi

448 3327 926 3406 hydrochlorici
973 3333 1033 3384 et
1064 3325 1315 3404 Aquae,
1366 3333 1477 3383 aut
1506 3325 1700 3404 plane
1748 3338 1858 3383 aut
1887 3343 2094 3403 paene
2124 3324 2316 3402 plane
2351 3324 2471 3382 sol-

442 3437 708 3500 vantur,
768 3428 921 3488 dum
968 3447 1194 3506 gasum
1248 3429 1572 3498 emittunt,
1631 3426 1803 3506 quod
1853 3426 2113 3485 chartae
2159 3427 2471 3486 solutione
