2808 3996
1308 273 1405 344 83

445 454 542 516 Sit
587 473 620 513 e
665 451 832 514 flavo
879 434 1144 523 fuscum,
1193 453 1261 511 in
1307 452 1493 531 Aqua
1539 451 1791 512 turbide
1839 453 2125 514 solubile.

446 559 644 617 Caute
690 565 989 617 servetur.

710 674 900 734 Dosis
947 673 1224 732 maxima
1271 672 1525 750 singula
1571 677 1727 750 0,(12.

708 777 897 837 Dosis
943 776 1218 836 maxima
1261 795 1376 856 pro
1425 776 1524 835 die
1569 779 1685 852 0‚1.

894 1100 1451 1186 Exn-aetum
1513 1099 1836 1186 AloeS.

534 1277 723 1338 Aloes
756 1284 996 1359 partem
1040 1298 1223 1339 unam
1270 1325 2256 1339 .......................
2319 1283 2353 1339 1

714 1382 891 1442 solve
937 1383 1004 1440 in

534 1488 751 1564 Aquae
803 1484 1158 1544 ebullientis
1200 1483 1476 1563 partibus
1522 1485 1772 1566 quinque
1802 1532 2249 1544 ...........
2311 1488 2369 1544 5.

448 1585 842 1647 Solutionem
874 1607 1133 1668 prorsus
1165 1585 1602 1666 refrigeratam
1647 1587 1838 1646 biduo
1869 1596 2014 1667 post
2046 1586 2124 1646 de
2163 1589 2373 1647 resina

362 1689 681 1750 decantha
729 1700 790 1750 et
837 1690 1109 1750 eolatam
1159 1690 1572 1771 evaporando
1607 1690 1690 1750 ad
1723 1690 2092 1749 Extractum
2140 1691 2372 1750 siecum

359 1792 595 1872 redige.

449 1895 546 1955 Sit
589 1914 625 1955 e
668 1894 836 1956 flavo
883 1895 1158 1968 fuscum,
1208 1898 1275 1956 in
1321 1897 1510 1977 Aqua
1555 1896 1809 1957 turbide
1856 1896 2143 1956 solubile.

720 2235 1276 2321 Extractum
1337 2233 2015 2321 Belladonnae.

540 2412 786 2471 Herbae
866 2412 1290 2471 Belladonnae
1369 2412 1633 2471 recentis
1711 2418 1769 2471 et
1838 2412 2221 2471 florescentis

1401 2522 1608 2595 parles
1655 2517 1848 2596 veglimo·
1892 2564 2208 2575 ........
2269 2518 2372 2590 20,
2412 2551 2418 2554 -

538 2622 755 2697 Aquae
788 2624 967 2698 parte
1012 2639 1132 2680 una
1166 2667 2230 2678 .........................
2340 2623 2369 2678 l

713 2741 1103 2801 conspersae,
1148 2723 1210 2781 in
1253 2723 1555 2781 mortario
1589 2721 1845 2802 lapideo
1879 2721 2217 2794 contunde,

712 2833 846 2884 tum
896 2826 1196 2904 exprime.

802 2925 981 3002 Quod
1039 2927 1232 2997 idem,

540 3032 756 3108 Aquae
794 3029 1064 3109 partibus·
1110 3029 1290 3091 tribus
1340 3077 2227 3089 .....................
2333 3033 2370 3089 3

716 3131 981 3201 additis,
1033 3133 1209 3191 itera.

803 3235 1104 3313 Liquores
1174 3238 1547 3295 commixtos
1613 3244 1672 3293 vt
1736 3235 1812 3294 ad
1886 3238 2005 3290 800
2062 3235 2217 3292 cale-

645 3350 654 3361 ‘
716 3336 914 3397 factos
963 3337 1124 3406 «tola,
1186 3339 1425 3398 volatus
1470 3337 1879 3417 evaporando
1914 3337 1989 3394 ad
2018 3342 2220 3415 parles

716 3440 867 3501 duas·
914 3439 1154 3519 redige,
1206 3451 1335 3499 tum

1946 3569 2021 3609 ιι·
