2808 3996
1303 273 1450 343 143

371 452 715 513 fracturam
779 452 1086 512 exhibent
1145 459 1528 511 structuram
1593 451 2048 530 crystallinam.
2153 448 2396 509 Solutio

371 573 637 633 aquosa,
686 554 895 614 Acido
941 555 1242 613 tartarico
1290 555 1356 612 in
1404 573 1663 613 excessu
1718 559 2030 623 saturata,
2088 551 2398 612 sedimen-

371 664 507 716 tum
555 655 804 728 album,
855 656 1298 735 crystallinum
1345 656 1629 736 praebet.

459 758 533 818 In
574 757 852 839 partibus
905 757 1138 818 duabus
1183 757 1410 838 Aquae
1465 759 1744 818 solutum
1801 763 1862 817 et
1901 755 2181 837 partibus
2237 760 2400 837 quat-

372 867 504 921 tuor
535 861 808 940 Spiritus
855 861 1154 932 mixtum,
1205 862 1258 921 si
1302 861 1628 940 paulisper
1675 860 2056 939 seposueris,
2106 858 2401 938 perpaul-

372 963 506 1022 lum
556 963 892 1024 dumtaxat
933 963 1267 1024 sedimenti
1301 963 1613 1023 demittat.
1686 963 1932 1022 Eadem
1964 962 2222 1031 soluti0‚
2261 980 2401 1019 cum

361 1065 639 1145 partibus
685 1067 1008 1148 quindecim
1041 1066 1265 1145 Aquae
1299 1066 1625 1125 Calcariae
1661 1072 1859 1136 cocta,
1898 1063 2129 1124 deinde
2167 1062 2404 1122 filtrata

373 1168 685 1247 liquorem
715 1168 1039 1248 praebeat,
1074 1170 1204 1248 qui,
1250 1167 1455 1227 Acido
1488 1169 1714 1227 nitrico
1759 1167 2019 1227 abunde
2044 1165 2405 1245 suppetenti

373 1270 634 1342 infusuS‚
661 1291 788 1330 non
815 1271 1200 1331 effervescat.
1261 1270 1577 1331 Volumina
1601 1271 1720 1331 duo
1745 1270 2079 1330 solutionis
2107 1270 2160 1344 (l
2184 1294 2257 1320 =
2278 1267 2402 1343 20),

375 1393 495 1453 ope
519 1373 708 1433 Acidi
740 1373 1026 1434 sulfurici
1061 1374 1245 1434 diluti
1276 1382 1571 1454 paratae,
1605 1373 1890 1434 volumine
1921 1392 2037 1432 uno
2062 1370 2250 1431 Acidi
2282 1370 2403 1430 sul-

375 1475 558 1540 furici
620 1484 682 1536 et
742 1476 1124 1537 voluminibus
1186 1475 1416 1537 duobus
1463 1476 1809 1536 Solutionis
1871 1475 2047 1534 Ferri
2118 1473 2405 1534 sulfurici

376 1577 668 1659 adjectis,
717 1599 796 1638 ne
829 1599 1054 1639 zonam
1094 1578 1542 1638 intermediam
1576 1578 1805 1638 coloris
1839 1576 2000 1637 fusci
2032 1576 2402 1656 praebeant.

464 1682 611 1741 Kali
661 1683 921 1742 caustici
967 1681 1090 1741 fusi
1126 1701 1408 1763 yramma
1446 1701 1646 1757 unum,
1695 1682 1764 1739 in
1794 1679 2020 1758 Aquae
2070 1679 2408 1739 centimetrz's

376 1784 588 1846 cubicis
641 1790 864 1846 centum
936 1785 1215 1845 solutum
1289 1791 1350 1844 et
1393 1783 1601 1844 Acido
1662 1784 1890 1842 nitrico
1939 1781 2195 1841 abunde
2242 1789 2407 1842 satu-

378 1896 605 1958 ratum,
642 1888 882 1948 additis
915 1888 1111 1967 Baryi
1142 1889 1350 1947 nitrici
1386 1895 1446 1946 et
1477 1886 1745 1966 Argenti
1777 1887 1985 1945 nitrici
2014 1885 2408 1963 singulorum

373 1992 548 2072 mattis
588 1992 908 2072 quaternis,
967 2011 1049 2051 ne
1096 1993 1274 2071 prius
1314 1990 1606 2050 turbetur
1639 2009 1831 2069 quam
1866 1989 2196 2068 trigesima
2225 1994 2410 2068 parte

381 2094 577 2153 horae
623 2102 900 2174 peracta.

470 2197 669 2255 Caute
715 2204 1016 2257 servetur.

927 2344 1306 2430 Kalium
1367 2344 1863 2431 aceticum.

471 2490 581 2551 Sal
629 2491 867 2563 album,
916 2492 1209 2572 paullum
1250 2492 1542 2565 nitidum,
1593 2493 1820 2552 leniter
1854 2492 2218 2573 alcalinum,
2270 2495 2412 2551 aere

383 2594 666 2654 celeriter
714 2594 1026 2667 dilabens,
1075 2597 1142 2655 in
1181 2595 1455 2676 partibus
1501 2594 1654 2673 0,36
1698 2595 1944 2675 Aquae,
1996 2595 2102 2667 1,AE
2142 2594 2413 2675 Spiritus

308 2743 313 2745 -
382 2698 671 2758 solubile.

473 2800 717 2860 Solutio
750 2819 1021 2880 aquosa,
1071 2801 1294 2862 addito
1325 2802 1517 2862 Ferro
1551 2803 2084 2881 sesquichlorat0‚
2137 2803 2411 2860 colorem

385 2905 630 2963 intense
685 2903 949 2962 rubrum
1004 2905 1204 2964 trahit
1260 2913 1346 2977 et,
1411 2904 1617 2966 Acido
1682 2906 1983 2964 tartarico
2042 2907 2105 2963 in
2155 2924 2414 2963 excessu

387 3006 635 3077 addim,
687 3005 1112 3066 sedimentum
1161 3008 1409 3079 album,
1461 3008 1905 3087 crystallinum
1952 3007 2233 3086 praebet.

475 3109 717 3169 Solutio
790 3128 1031 3186 aquosa
1101 3111 1154 3184 (1
1187 3111 1390 3185 =20)
1461 3130 1543 3169 ne
1612 3109 1802 3188 Aqua
1864 3108 2410 3189 hydrosulfurata,

389 3231 547 3271 neve
594 3212 861 3290 Liquore
894 3210 1219 3271 Ammonii
1251 3212 1564 3282 sulfura-ti,
1617 3232 1796 3283 neve,
1847 3213 1898 3270 si
1930 3211 2203 3270 Acidum
2243 3212 2412 3269 nitri-

389 3334 531 3373 cum
582 3314 853 3373 dilutum
902 3313 1227 3394 a‹ljcceriS‚
1277 3316 1487 3393 Baryo
1536 3316 1759 3373 uitrico
1808 3323 2108 3382 mutorum
2170 3313 2410 3383 cadem,

389 3417 675 3496 Argento
723 3418 950 3477 nitrico
1000 3416 1305 3488 admixt0,
1354 3416 1802 3477 tantummodo
1851 3416 2190 3495 opalcscat.
