2808 3996
1431 257 1505 307 Xl

458 424 950 514 componendis
980 424 1284 490 animum
1313 426 1745 492 advertimus,
1817 425 1923 493 Sic
1962 427 2138 493 enim
2171 427 2471 516 judicare

448 578 582 622 vnos
621 557 865 623 debere
900 566 1262 647 propterea
1299 557 1596 623 arbitrati
1635 581 1890 638 sumus9
1948 561 2133 648 quod
2169 560 2470 650 plerique

453 698 763 754 nostrum
798 689 932 756 hoc
968 690 1560 779 persuasissimum
1596 691 1971 772 habebant,
2030 715 2108 758 ea
2164 716 2340 781 quae
2387 695 2469 759 de

451 821 1106 888 medicamentorum
1160 832 1406 889 natura
1460 847 1540 891 ac
1594 824 1900 912 bonitate
1946 825 2467 915 praecipiuntur,

452 953 786 1020 severiora
850 976 1027 1034 esse,
1098 976 1310 1044 quam
1371 964 1452 1022 ut
1516 955 1628 1022 illa
1687 980 1932 1047 parum
2002 966 2162 1047 apte
2225 959 2469 1024 servari

449 1096 762 1176 possent,
820 1096 888 1154 et
925 1088 980 1153 si
1027 1088 1190 1176 quid
1242 1088 1313 1154 in
1365 1089 1498 1155 hac
1539 1113 1611 1156 re
1646 1091 2073 1180 neglegentia
2108 1101 2466 1181 peccatum

451 1229 650 1300 esset,
699 1221 1225 1302 examinatione,
1273 1222 1466 1288 sicut·
1491 1233 1936 1314 praeceptum
1975 1233 2094 1304 est,
2140 1224 2466 1304 instituta,

450 1362 631 1429 certo
663 1354 812 1419 sciri
834 1376 1060 1443 posse.
1125 1354 1472 1422 Interdum
1512 1366 1744 1423 autem
1781 1357 2237 1423 necessarium
2278 1357 2468 1423 duxi-

447 1508 601 1552 mus
649 1488 1000 1568 adnotare,
1053 1489 1186 1566 hoc
1237 1489 1488 1556 illudve
1539 1490 2113 1556 medicamentum
2161 1500 2466 1579 oportere

448 1642 490 1686 a
515 1620 666 1686 luce
721 1630 1059 1687 remotum
1123 1622 1398 1703 servari3
1462 1623 1583 1689 sed
1638 1645 1774 1712 qua
1826 1624 2085 1689 ratione
2139 1623 2206 1689 id
2261 1623 2465 1703 fieret,

448 1752 713 1818 arbitrio
769 1754 1475 1845 pharmacopoeorum
1529 1756 1978 1845 permisimus,

601 1886 698 1951 Ea
725 1887 1252 1968 medicamenta,
1292 1911 1470 1977 quae
1505 1889 1575 1954 in.
1606 1888 2237 1978 Pharmacopoeam
2264 1891 2466 1980 recipi

447 2041 485 2085 e
519 2042 591 2086 re
626 2020 1026 2087 veterinaria
1056 2030 1222 2101 erat,
1265 2031 1432 2087 nota
1470 2022 1785 2112 apposita
1820 2023 2136 2113 insignire
2174 2046 2313 2089 non
2353 2047 2466 2090 cu-

445 2152 760 2219 ravimus.
870 2153 1173 2236 Quorum
1230 2178 1407 2244 quae
1463 2157 1550 2222 ad
1604 2179 1807 2222 usum
1847 2158 2209 2223 dumtaxat
2250 2166 2501 2224 exter-'

445 2307 612 2350 num
651 2285 992 2352 destinata
1039 2296 1225 2367 sunt,
1281 2311 1449 2354 num
1489 2289 1651 2354 satis
1690 2313 1861 2379 pura
1901 2300 2155 2370 essent,
2214 2281 2465 2357 exami-

444 2439 607 2484 nare
660 2440 800 2484 non
854 2421 1315 2486 necessarium
1368 2422 1590 2487 visum
1649 2432 1768 2489 est.

599 2549 1012 2642 Synonymis
1037 2554 1365 2620 addendis
1388 2555 1690 2644 capitum
1719 2556 2189 2646 inscriptiones
2218 2580 2461 2646 augere

445 2684 813 2750 noluimus:
855 2686 1198 2752 enimvero
1231 2687 1456 2776 aptius
1495 2689 1715 2754 visum
1757 2699 1922 2767 erat,
1963 2690 2276 2769 indicem,
2326 2712 2459 2777 quo

446 2817 673 2882 omnia
729 2840 1117 2908 synonyma
1172 2820 1702 2901 continerentur,
1760 2831 2103 2887 extremae
2141 2822 2461 2887 Pharma-

447 2971 746 3038 copoeae
802 2951 1149 3039 subjicere.

600 3082 691 3148 Ut
735 3083 992 3149 facilius
1041 3096 1586 3175 cognosceretur³
1650 3110 1826 3175 quae
1882 3087 2125 3175 cuique
2172 3087 2460 3151 mediea-

446 3224 679 3280 mento
727 3216 994 3305 propria
1042 3227 1296 3297 essent,
1342 3218 1405 3282 in
1456 3227 1648 3282 textu
1698 3219 2166 3298 indicavin‘lus,
2224 3230 2459 3307 quate-

446 3369 574 3411 nus
638 3346 766 3411 hoe
820 3348 1068 3415 illudve
1124 3349 1293 3414 solvi
1346 3373 1550 3439 posse
1606 3350 1712 3415 via
1775 3375 1853 3416 ac
1917 3352 2169 3415 ratione
2228 3352 2458 3439 explo-

446 3489 664 3544 ratum
724 3492 922 3545 esset.
1031 3481 1278 3546 Contra
1334 3506 1413 3546 ca
1452 3482 1863 3546 solutionum
1909 3484 2222 3560 rationes,
2282 3506 2455 3569 qums
