2808 3996
1310 265 1410 334 25

336 441 782 502 tantummodo
823 443 1071 502 intense
1102 442 1474 514 viridescat,
1523 463 1602 502 ne
1643 442 2066 504 sediinentum
2108 446 2363 524 nigrum

338 543 587 605 efficiat.
662 544 828 604 Salis
869 564 1150 626 yramma
1195 565 1400 622 unum,
1453 566 1595 605 cum
1634 547 1864 626 exiguo
1897 546 2102 607 Acido
2136 549 2364 607 nitrico

335 648 401 706 in
423 646 657 707 balneo
685 665 890 726 aquae
915 647 1328 726 evaporando
1354 647 1685 720 siccatum,
1711 647 2036 708 residuum
2061 649 2368 728 praebeat

337 749 584 822 album,
635 750 846 810 calore
891 747 1153 810 fortiore
1198 749 1479 810 volatile.

484 1130 1083 1217 Ammonium
1145 1129 1702 1248 chloratum·
1736 1131 2218 1254 ferratum.

515 1307 830 1368 Ammonii
880 1307 1143 1367 chlorati
1178 1314 1390 1388 partes
1436 1310 1670 1391 treyz'nta
1717 1309 1869 1371 duas
1922 1356 2201 1370 .......
2264 1310 2368 1387 32,

690 1411 757 1469 in
802 1412 1026 1491 patina
1072 1410 1504 1491 porcellanica
1630 1490 1635 1492 .

516 1513 813 1594 Liquoris
862 1513 1043 1573 Ferri
1090 1513 1573 1593 sesquichlorati
1607 1506 1886 1594 partibus
1925 1535 2158 1577 novem.
2191 1564 2201 1575 .
2308 1519 2346 1576 9

337 1617 599 1688 mixtaS,
661 1616 814 1677 dum
867 1623 1178 1698 perpetuo
1227 1618 1461 1697 agitas,
1525 1619 1594 1676 in
1640 1616 1872 1677 balneo
1919 1620 2178 1699 vaporis
2227 1638 2368 1679 eva-

336 1719 630 1800 porando
679 1719 763 1780 ad
811 1722 1161 1780 siccitatem
1206 1719 1447 1800 redige.

426 1823 647 1883 Pulvis
711 1842 744 1883 e
786 1816 1004 1883 'rubro
1068 1823 1300 1896 flavus,
1377 1826 1520 1883 aere
1582 1823 1988 1896 humescens,
2062 1826 2128 1883 in
2182 1824 2370 1904 Aqua

338 1923 525 1986 facile
587 1925 909 1998 solubiliS,
975 1927 1044 1987 in
1107 1932 1333 1989 eentum
1382 1925 1662 2009 partibus
1727 1927 1973 1986 circiter
2035 1925 2097 1999 2,
2110 1932 2144 1983 5
2197 1927 2371 1987 Ferri

340 2031 692 2090 continens.

426 2131 484 2192 A
531 2133 671 2192 luce
716 2141 1034 2194 remotum
1081 2139 1385 2193 servetur.

831 2527 1421 2643 Amygdalae
1485 2552 1892 2631 amarae.

431 2706 717 2778 Semina,
767 2725 933 2786 quae
981 2705 1166 2766 offert
1210 2707 1467 2765 Prunus
1508 2704 2131 2783 Amygdalus3'su11t
2163 2722 2367 2782 asym-

342 2816 541 2869 metre
580 2816 800 2880 ovata,
853 2828 1241 2888 compressa,
1294 2809 1540 2868 circiter
1580 2808 1935 2868 centimetros
1974 2807 2121 2867 duos
2154 2807 2366 2884 longa,

342 2912 538 2992 vulgo
586 2912 975 2972 centimetrum
1022 2931 1204 2971 unum
1251 2916 1306 2971 et
1347 2910 1649 2971 dimidium
1695 2911 1851 2980 lata,
1903 2916 2083 2968 acute
2118 2908 2368 2968 umbili-

346 3023 514 3086 cata,
582 3013 854 3073 adversa
908 3020 1116 3093 parte,
1182 3031 1344 3092 quae
1407 3012 1630 3072 obtuse
1692 3011 2038 3071 rotundata
2102 3020 2219 3082 est,
2287 3011 2368 3071 ad

345 3118 735 3179 centimetrum
798 3136 979 3177 unum
1035 3134 1264 3175 crassa.
1376 3115 1568 3175 Testa
1623 3114 2110 3174 membranacea
2173 3113 2366 3183 fusca,

345 3218 647 3291 furfurea,
684 3218 1002 3279 fasciculis
1036 3238 1332 3278 vasorum
1369 3218 1546 3277 haud
1581 3220 1670 3276 ita
1702 3219 1971 3276 ramosis
2007 3214 2364 3294 transjecta,

348 3324 401 3383 si
448 3323 637 3401 Aqua
683 3322 1057 3391 molliveriS,
1109 3340 1147 3380 a
1196 3322 1422 3400 cotylis
1469 3340 1626 3400 pure
1674 3320 1837 3379 albis
1889 3319 2068 3377 [acilo
2118 3317 2365 3375 detrahi

348 3434 574 3506 potest.
671 3423 935 3504 Cotylae
983 3431 1129 3483 sunt
1174 3425 1419 3503 saporis
1467 3424 1802 3502 peramari.

1992 3547 2017 3591 4
