2808 3996
1337 293 1430 364 61

730 481 869 533 tum
935 491 1051 552 per
1109 473 1341 551 viginti
1411 479 1708 551 quattuor
1774 472 1969 531 horas
2038 473 2246 531 calore
2320 474 2396 532 15

733 575 816 635 ad
866 575 980 634 200
1025 594 1279 654 sepone.
1375 573 1511 649 Quo
1558 574 1728 634 faeto
1776 575 2026 645 mixtio,
2075 577 2144 634 in
2190 574 2398 634 infun-

734 677 1027 738 dibulum
1071 678 1379 747 immissa,
1428 696 1544 756 per
1581 677 1816 755 viginti
1864 684 2162 755 quattuor
2207 677 2399 736 horas

730 787 1103 859 seponatur,
1166 788 1270 851 ut,
1341 778 1516 858 quod
1573 778 1902 838 aeidorum
1961 780 2230 837 nimium
2299 781 2396 851 sit,

731 883 1030 961 guttatim
1072 881 1428 941 delabatur.
1530 880 1774 940 Lanam
1819 880 2092 941 Collodii
2137 882 2205 939 in
2249 901 2400 941 vase

729 985 1020 1044 relictam
1074 983 1263 1062 Aqua
1323 982 1573 1043 tamdiu
1639 983 1805 1054 elue,
1871 982 2085 1062 quoad
2148 983 2400 1042 aeidum

730 1088 924 1166 plane
985 1094 1298 1145 remotum
1358 1087 1500 1155 erit,
1572 1093 1709 1144 tum
1772 1104 2137 1164 expressam
2193 1086 2400 1145 calore

735 1189 849 1248 250
886 1190 1071 1249 sicea.
1167 1186 1362 1267 Cujus
1408 1188 1597 1247 lanae
1645 1186 1920 1247 Collodii

553 1291 761 1354 Partes
807 1291 960 1352 duas
987 1335 2236 1350 .............................
2338 1294 2399 1368 2,

732 1413 876 1453 eum

553 1496 840 1557 Aetheris
873 1494 1154 1576 partibus
1199 1494 1597 1576 quadraymta
1650 1493 1881 1555 duabus
1913 1540 2235 1554 ........
2296 1498 2379 1554 42

729 1597 895 1657 bene
942 1604 1418 1676 conquassatas,
1638 1602 1640 1605 ’

554 1698 836 1780 Spiritus
869 1697 1147 1778 partibus
1191 1717 1293 1758 sex
1339 1743 2233 1757 .....................
2338 1704 2376 1759 6

728 1810 1017 1880 tempera
1063 1807 1150 1871 et,
1212 1798 1417 1858 donee
1463 1799 1706 1859 solutae
1755 1807 1966 1870 erunt,
2025 1819 2397 1879 conquassa.

731 1901 867 1978 Quo
914 1901 1082 1961 facto
1136 1921 1252 1982 per
1307 1902 1552 1980 aliquot
1597 1901 2037 1963 hebdomades
2093 1905 2400 1983 sepositas

728 2004 996 2084 limpide
1045 2003 1383 2063 decantha.

462 2109 699 2189 Liquor
758 2107 1095 2176 neutralis,
1161 2107 1393 2165 eoloris
1457 2125 1683 2186 expers
1742 2106 1849 2166 vel
1909 2106 2396 2179 subflaveseenS‚
2500 2170 2502 2172 ,

377 2210 807 2292 spissitudinis
854 2210 1102 2290 syrupi3
1150 2209 1219 2267 in
1266 2215 1465 2267 strata
1510 2209 1727 2266 tenuia
1760 2207 2089 2280 dilatatus,
2124 2210 2398 2270 Aethere

377 2316 717 2394 spirituoso
767 2318 1141 2391 evaporat0‚
1191 2310 1531 2370 cuticulam
1564 2310 1794 2370 eoloris
1828 2319 2178 2391 expertem,
2229 2321 2399 2372 arete

377 2417 826 2475 cohaerentem
869 2413 1208 2492 relinquat.

710 2747 1243 2836 Collodium
1304 2747 2074 2833 cantharidatum.

554 2925 1010 2986 Cantharidum
1055 2943 1280 3001 grosso
1326 2925 1515 2983 modo
1561 2924 2039 3003 pulveratarum

1073 3032 1276 3106 partes
1317 3027 1740 3108 quinquaqinta
1757 3073 2252 3085 ............
2313 3030 2396 3087 50

552 3130 838 3192 Aetheris
872 3129 1149 3208 partibus
1195 3130 1481 3210 ocloffl'nta
1536 3175 2250 3187 .................
2312 3133 2395 3187 80

727 3251 842 3311 per
864 3230 1145 3290 triduum
1180 3233 1430 3310 saepius
1456 3228 1943 3307 conquas-sande
1974 3249 2238 3298 marera,

727 3342 861 3392 tum
898 3332 1039 3390 (tola
1063 3341 1124 3391 et
1156 3331 1651 3392 Cantharidilms
1677 3339 1922 3390 tantum
1953 3330 2242 3389 Aetheris

730 3434 1018 3505 affunde,
1075 3441 1145 3492 ut
1190 3434 1475 3493 colatura
1521 3434 1599 3492 sit
