2808 3996
1321 258 1464 328 137

384 438 581 497 oritur
621 435 844 496 coloris
875 437 1083 516 primo
1122 433 1298 505 flavi,
1351 434 1580 495 deinde
1614 437 1674 494 in
1709 435 1973 494 rubrum
2005 436 2406 499 transeuntis„

385 548 445 598 et
505 559 699 618 supra
760 540 939 598 illam
1005 538 1206 598 altera
1267 537 1443 609 alba,
1518 558 1550 597 e
1613 538 1929 617 crystallis
1992 538 2410 597 aoieularibus

382 643 751 721 composita.

469 743 711 804 Solutio
745 762 986 823 aquosa
1014 743 1321 802 neutralis
1370 743 1659 819 (1:20),
1694 742 1897 802 Aeido
1929 743 2155 801 nitrieo
2187 743 2412 802 leviter

382 847 703 907 aeridulata
779 853 840 906 et
892 844 1182 906 nonnullas
1244 845 1421 926 quitis
1476 846 1809 905 solutionis
1874 844 2143 924 Argenti
2204 847 2411 904 nitriei

379 957 758 1030 temperata,
809 949 1232 1008 sedimentum
1263 967 1343 1006 ne
1379 946 1626 1006 efficiat.
1709 947 1848 1019 Sal,
1898 949 1965 1006 in
1996 948 2235 1006 lamina
2273 949 2408 1028 pla-

378 1054 550 1112 tinea
595 1058 776 1111 caute
821 1049 1267 1121 fervefactum,
1316 1050 1508 1130 plane
1555 1050 1818 1110 volatile
1866 1051 1963 1110 sit.

469 1154 847 1214 (lautissime
895 1160 1202 1213 servetur.

731 1271 923 1331 Dosis
969 1269 1250 1330 maxima
1297 1269 1553 1348 singula
1601 1273 1756 1345 O‚03.

732 1373 925 1434 Dosis
971 1372 1252 1432 maxima
1295 1392 1413 1452 pro
1462 1373 1562 1432 die
1610 1377 1727 1450 071.

778 1592 1502 1707 Hydrargyrum
1547 1588 2007 1706 jodahlm.

554 1755 964 1836 Hydrargyri
1015 1756 1306 1836 depurati
1339 1761 1550 1835 partes
1597 1761 1723 1816 octo
1743 1804 2285 1815 .............
2347 1759 2408 1830 89

552 1860 945 1939 ,lodipartes
984 1860 2284 1940 quz'nque........................
2346 1863 2406 1918 5.

464 1963 729 2035 Jodum‚
812 1963 1056 2041 aliquot
1133 1968 1347 2040 guttas
1426 1961 1700 2041 Spiritus
1773 1961 2190 2041 adspergens‚
2265 1982 2404 2021 eum

377 2068 803 2147 Hydrargyro
849 2065 1189 2146 paullatim
1233 2071 1514 2135 contere„
1553 2064 1758 2124 donee
1792 2065 2089 2143 globulos
2121 2065 2407 2144 Hydrar-

377 2173 519 2250 gyri
571 2168 712 2249 jam
773 2168 986 2228 nullos
1052 2167 1422 2246 dignoscere
1483 2169 1688 2246 possis
1754 2175 1814 2226 et
1869 2168 2083 2246 pulvis
2132 2167 2407 2226 colorem
2517 2167 2519 2169 ’

378 2271 807 2352 aequabilem,
868 2291 899 2330 e
957 2269 1272 2329 subviridi
1318 2268 1558 2328 flavum
1609 2270 1877 2329 duxerit.
1972 2270 2220 2329 Deinde
2269 2270 2405 2349 Spi-

376 2378 500 2435 ritu
550 2375 689 2434 elue
738 2380 800 2433 et
845 2393 884 2432 a
930 2373 1071 2431 luce
1117 2378 1434 2431 remotum
1482 2373 1666 2431 sicea.

464 2478 683 2538 Pulvis
731 2495 763 2535 e
811 2475 1126 2536 subviridi
1171 2473 1393 2546 flaVUS,
1446 2475 1816 2553 amorphus,
1867 2475 2169 2554 ponderis
2210 2476 2406 2554 speci-

376 2581 477 2641 fici
527 2582 563 2639 7
571 2585 658 2650 ‚6,
715 2580 782 2638 in
840 2577 1030 2657 Aqua
1084 2577 1494 2657 perpaullum
1549 2577 1865 2648 solubilis,
1923 2579 1991 2636 in
2050 2578 2291 2657 Spiritu
2348 2586 2409 2637 et

297 2731 303 2734 .
375 2683 650 2745 Aethere
697 2681 1071 2741 insolubilis
1169 2679 1326 2739 Cum
1372 2678 1577 2739 Aeido
1626 2678 1927 2739 sulfurieo
1977 2663 2053 2739 et*
2083 2681 2405 2758 Mangano

377 2783 871 2866 hyperoxydato
920 2781 1262 2841 calefactus
1311 2783 1600 2861 copiosos
1646 2802 1919 2860 vapores
1961 2782 2110 2842 Jodi
2159 2784 2401 2842 emittit.

378 2888 598 2949 Calore
651 2886 931 2946 volatilis
986 2886 1092 2954 sit3
1153 2904 1296 2943 oum
1353 2883 1624 2963 Spiritus
1667 2883 1946 2963 partibus
2010 2886 2208 2965 vz'qz'nti
2260 2905 2404 2945 eon-

378 2997 709 3070 quassatus
773 2989 1080 3067 liquorem
1148 2987 1483 3066 praebeat,
1550 2987 1658 3065 qui
1716 2985 1989 3046 filtratus
2047 2987 2234 3065 Aqua
2288 2987 2402 3066 hy-

379 3091 813 3152 drosulfurata
859 3092 972 3149 vix
1018 3097 1312 3149 mutetur.

467 3193 875 3267 cautissima
925 3212 963 3250 a
997 3191 1147 3254 vluce
1194 3200 1534 3255 remotum„
1585 3197 1885 3250 servetur.

734 3309 921 3368 Dosis
972 3308 1245 3367 maxima
1293 3308 1546 3383 singula
1594 3311 1749 3375 0515.

735 3411 924 3471 Dosis
973 3410 1250 3469 maxima
1294 3430 1411 3490 pro
1460 3410 1560 3470 die
1608 3413 1723 3484 03.

1999 3536 2051 3583 18
