2808 3996
1308 255 1406 325 89

351 430 514 492 Tum
568 430 911 510 liquorem,
983 440 1328 511 postquam
1386 434 1718 503 resederit,
1789 432 2055 512 limpide
2110 433 2371 493 effusum

351 534 535 593 alteri
582 533 816 614 adjice,
880 534 1254 593 mixtionem
1308 533 1478 594 filtra
1535 542 1597 594 et
1651 534 2062 615 evaporando
2117 535 2200 595 ad
2254 536 2374 595 Ex-

349 643 622 695 tractum
669 634 946 714 spissum
990 634 1229 713 redige.

437 736 535 798 Sit
579 735 852 815 fuscum,
901 737 970 795 in
1014 735 1203 817 Aqua
1249 736 1507 797 turbide
1555 737 1846 798 solubile.

527 841 727 898 Caute
772 846 1073 899 servetur.

701 955 894 1015 Dosis
939 956 1220 1015 maxima
1267 955 1522 1033 singula
1575 960 1692 1032 0‚2.

702 1057 894 1119 Dosis
939 1057 1218 1117 maxima
1261 1078 1378 1137 pro
1426 1058 1527 1117 die
1579 1062 1691 1134 ].‚0.

631 1338 1192 1423 Extractum
1253 1335 1533 1422 Ferri
1591 1335 2095 1447 pomatum.
2195 1332 2197 1336 ’

525 1517 872 1574 Pomorum
920 1513 1245 1573 aeidorum
1283 1519 1494 1592 partes
1540 1514 1961 1594 qumquaffl'nla
1981 1560 2210 1570 ......
2273 1515 2355 1572 50

703 1619 770 1676 in
816 1616 1060 1696 pultem
1117 1615 1410 1675 redactas
1460 1616 1769 1694 exprime3
1826 1614 2059 1693 quibus
2116 1613 2224 1673 ad-

702 1721 897 1779 misee

527 1823 707 1883 Ferri
752 1821 1069 1902 pulverati
1101 1826 1343 1901 partem
1389 1839 1571 1881 unam
1626 1866 2167 1878 .............
2179 1846 2211 1876 a
2322 1823 2376 1878 1.

440 1926 645 2001 Quam
715 1926 1063 1984 mixturam
1131 1926 1198 1983 in
1266 1923 1500 1982 balneo
1572 1940 1776 2001 aquae
1847 1919 2147 1992 ealefaoe,
2228 1920 2376 1980 dum

349 2029 734 2089 evolutionis
781 2029 921 2107 gasi
966 2025 1113 2086 finis
1161 2025 1365 2085 faetus
1414 2026 1547 2084 erit.

438 2131 807 2211 Liquorem‚
857 2129 1046 2209 Aqua
1095 2129 1177 2188 ad
1221 2133 1433 2208 partes
1486 2127 1910 2209 quinquaqinta
1959 2125 2261 2198 dilutum,
2310 2127 2377 2185 in

351 2234 710 2313 complures
766 2231 901 2292 dies
958 2250 1217 2311 sepone,
1285 2239 1422 2289 tum
1478 2227 1647 2289 filtra
1714 2236 1774 2288 et
1828 2228 2238 2309 evaporando
2295 2228 2376 2287 ad

350 2336 722 2397 Extrac-tum
772 2334 1047 2415 spissum
1093 2332 1331 2412 redige.

440 2438 538 2499 Sit
585 2457 617 2497 e
662 2436 855 2496 viridi
901 2437 1187 2516 nigrum,
1237 2436 1304 2494 in
1350 2434 1541 2514 Aqua
1586 2432 1856 2515 limpide
1903 2432 2190 2493 solubile.

882 2713 1441 2799 Extractum
1501 2710 1854 2797 Filiois.

532 2890 917 2952 Rhizomatis
967 2889 1179 2949 Filicis
1215 2894 1424 2968 partes
1470 2889 1722 2970 quinque
1761 2935 1771 2945 .
1806 2935 1815 2944 .
1850 2935 1859 2945 .
1894 2935 1903 2944 .
1939 2935 1947 2943 .
1983 2935 1991 2944 .
2027 2935 2036 2943 .
2071 2934 2080 2943 .
2116 2935 2123 2943 .
2160 2934 2167 2942 .
2205 2935 2211 2942 .
2319 2889 2377 2944 5.

529 2993 813 3055 Aetheris
848 2991 1126 3072 partibus
1172 2991 1495 3073 quindecim
1540 3035 2210 3048 ................
2279 2990 2354 3045 15

707 3093 1100 3174 superfusas,
1154 3113 1404 3152 macera
1453 3112 1564 3171 per
1612 3091 1911 3150 triduum.

796 3197 1067 3275 Liquore
1117 3194 1358 3265 defuso,
1411 3194 1502 3269 id,
1553 3192 1721 3271 quod
1778 3193 2087 3258 rostitvrit,

531 3300 817 3361 Aetheris
859 3297 1128 3378 partibus·
1175 3298 1369 3357 decem
1407 3340 2209 3353 ..................
2280 3295 2357 3350 10

708 3422 823 3483 per
870 3400 1150 3461 triduum
1204 3400 1425 3457 iterum
1480 3415 1727 3455 mam-ra
1775 3403 1835 3454 et
1884 3395 2184 3472 exprime.

1980 3523 2027 3562 ιε
