<?xml version="1.0" encoding="UTF-8"?>
<!DOCTYPE html PUBLIC "-//W3C//DTD XHTML 1.0 Transitional//EN"
    "http://www.w3.org/TR/xhtml1/DTD/xhtml1-transitional.dtd">
<html xmlns="http://www.w3.org/1999/xhtml" xml:lang="en" lang="en">
 <head>
  <title>
</title>
<meta http-equiv="Content-Type" content="text/html;charset=utf-8" />
  <meta name='ocr-system' content='tesseract 3.04.00' />
  <meta name='ocr-capabilities' content='ocr_page ocr_carea ocr_par ocr_line ocrx_word'/>
</head>
<body>
  <div class='ocr_page' id='page_1' title='image "./pharmacopagerman00berluoft_0105.png"; bbox 0 0 2808 3996; ppageno 0'>
   <div class='ocr_carea' id='block_1_1' title="bbox 1334 262 1428 333">
    <p class='ocr_par' dir='ltr' id='par_1_1' title="bbox 1334 262 1428 333">
     <span class='ocr_line' id='line_1_1' title="bbox 1334 262 1428 333; baseline 0 0"><span class='ocrx_word' id='word_1_1' title='bbox 1334 262 1428 333; x_wconf 82' lang='lat'>87</span> 
     </span>
    </p>
   </div>
   <div class='ocr_carea' id='block_1_2' title="bbox 385 441 2397 933">
    <p class='ocr_par' dir='ltr' id='par_1_2' title="bbox 385 441 2397 933">
     <span class='ocr_line' id='line_1_2' title="bbox 559 441 2373 523; baseline -0.001 -19"><span class='ocrx_word' id='word_1_2' title='bbox 559 442 839 523; x_wconf 81' lang='lat' dir='ltr'>Spiritus</span> <span class='ocrx_word' id='word_1_3' title='bbox 886 441 1067 502; x_wconf 84' lang='lat' dir='ltr'>diluti</span> <span class='ocrx_word' id='word_1_4' title='bbox 1100 441 1377 521; x_wconf 76' lang='lat' dir='ltr'>partibus</span> <span class='ocrx_word' id='word_1_5' title='bbox 1422 443 1671 523; x_wconf 75' lang='lat' dir='ltr'>quinque</span> <span class='ocrx_word' id='word_1_6' title='bbox 1694 487 2232 503; x_wconf 91' lang='grc'><strong>.............</strong></span> <span class='ocrx_word' id='word_1_7' title='bbox 2335 444 2373 502; x_wconf 89' lang='lat'>5</span> 
     </span>
     <span class='ocr_line' id='line_1_3' title="bbox 736 543 2078 625; baseline -0.002 -20"><span class='ocrx_word' id='word_1_8' title='bbox 736 545 993 615; x_wconf 89' lang='lat' dir='ltr'>additis,</span> <span class='ocrx_word' id='word_1_9' title='bbox 1042 563 1157 625; x_wconf 93' lang='lat' dir='ltr'>per</span> <span class='ocrx_word' id='word_1_10' title='bbox 1201 543 1486 604; x_wconf 90' lang='lat' dir='ltr'>triduum</span> <span class='ocrx_word' id='word_1_11' title='bbox 1533 546 1761 604; x_wconf 90' lang='lat' dir='ltr'>iterum</span> <span class='ocrx_word' id='word_1_12' title='bbox 1810 563 2078 603; x_wconf 76' lang='lat' dir='ltr'>macera.</span> 
     </span>
     <span class='ocr_line' id='line_1_4' title="bbox 470 646 2397 729; baseline -0.002 -20"><span class='ocrx_word' id='word_1_13' title='bbox 470 648 776 729; x_wconf 84' lang='lat' dir='ltr'>Liquores</span> <span class='ocrx_word' id='word_1_14' title='bbox 839 647 1251 728; x_wconf 79' lang='lat' dir='ltr'>exprimendo</span> <span class='ocrx_word' id='word_1_15' title='bbox 1311 646 1563 707; x_wconf 77' lang='lat' dir='ltr'>effectos</span> <span class='ocrx_word' id='word_1_16' title='bbox 1619 648 1812 706; x_wconf 79' lang='lat' dir='ltr'>misce</span> <span class='ocrx_word' id='word_1_17' title='bbox 1875 655 1934 705; x_wconf 92' lang='lat' dir='ltr'>et</span> <span class='ocrx_word' id='word_1_18' title='bbox 1991 646 2397 726; x_wconf 78' lang='lat' dir='ltr'>evaporando</span> 
     </span>
     <span class='ocr_line' id='line_1_5' title="bbox 385 749 1451 830; baseline -0.003 -18"><span class='ocrx_word' id='word_1_19' title='bbox 385 753 470 814; x_wconf 92' lang='lat' dir='ltr'>ad</span> <span class='ocrx_word' id='word_1_20' title='bbox 518 753 887 812; x_wconf 78' lang='lat' dir='ltr'>Extractum</span> <span class='ocrx_word' id='word_1_21' title='bbox 936 750 1172 810; x_wconf 80' lang='lat' dir='ltr'>siecum</span> <span class='ocrx_word' id='word_1_22' title='bbox 1216 749 1451 830; x_wconf 84' lang='lat' dir='ltr'>redige.</span> 
     </span>
     <span class='ocr_line' id='line_1_6' title="bbox 472 851 2179 933; baseline -0.003 -17"><span class='ocrx_word' id='word_1_23' title='bbox 472 856 569 917; x_wconf 88' lang='lat' dir='ltr'>Sit</span> <span class='ocrx_word' id='word_1_24' title='bbox 614 875 647 915; x_wconf 93' lang='lat' dir='ltr'>e</span> <span class='ocrx_word' id='word_1_25' title='bbox 691 854 886 915; x_wconf 90' lang='lat' dir='ltr'>rubro</span> <span class='ocrx_word' id='word_1_26' title='bbox 933 853 1198 926; x_wconf 77' lang='lat' dir='ltr'>fuscum,</span> <span class='ocrx_word' id='word_1_27' title='bbox 1246 855 1314 913; x_wconf 90' lang='lat' dir='ltr'>in</span> <span class='ocrx_word' id='word_1_28' title='bbox 1358 853 1546 933; x_wconf 85' lang='lat' dir='ltr'><strong>Aqua</strong></span> <span class='ocrx_word' id='word_1_29' title='bbox 1589 852 1847 913; x_wconf 88' lang='lat' dir='ltr'>turbide</span> <span class='ocrx_word' id='word_1_30' title='bbox 1893 851 2179 912; x_wconf 82' lang='lat' dir='ltr'>solubile.</span> 
     </span>
    </p>
   </div>
   <div class='ocr_carea' id='block_1_3' title="bbox 712 1131 2073 1247">
    <p class='ocr_par' dir='ltr' id='par_1_3' title="bbox 712 1131 2073 1247">
     <span class='ocr_line' id='line_1_7' title="bbox 712 1131 2073 1247; baseline -0.004 -25"><span class='ocrx_word' id='word_1_31' title='bbox 712 1134 1268 1221; x_wconf 76' lang='lat' dir='ltr'>Extractum</span> <span class='ocrx_word' id='word_1_32' title='bbox 1329 1131 2073 1247; x_wconf 78' lang='lat' dir='ltr'>Colooynthidis.</span> 
     </span>
    </p>
   </div>
   <div class='ocr_carea' id='block_1_4' title="bbox 561 1310 2403 1703">
    <p class='ocr_par' dir='ltr' id='par_1_4' title="bbox 561 1310 2403 1598">
     <span class='ocr_line' id='line_1_8' title="bbox 562 1310 2403 1391; baseline -0.003 -17"><span class='ocrx_word' id='word_1_33' title='bbox 562 1318 906 1375; x_wconf 77' lang='lat' dir='ltr'>Fructuum</span> <span class='ocrx_word' id='word_1_34' title='bbox 954 1311 1427 1390; x_wconf 81' lang='lat' dir='ltr'>Coloeynthidis</span> <span class='ocrx_word' id='word_1_35' title='bbox 1461 1316 1668 1391; x_wconf 76' lang='lat' dir='ltr'>partes</span> <span class='ocrx_word' id='word_1_36' title='bbox 1714 1310 1865 1371; x_wconf 78' lang='lat' dir='ltr'>duas</span> <span class='ocrx_word' id='word_1_37' title='bbox 1919 1358 2239 1371; x_wconf 90' lang='grc'><strong>........</strong></span> <span class='ocrx_word' id='word_1_38' title='bbox 2342 1311 2403 1386; x_wconf 81' lang='lat'>2,</span> 
     </span>
     <span class='ocr_line' id='line_1_9' title="bbox 561 1413 2381 1497; baseline -0.003 -20"><span class='ocrx_word' id='word_1_39' title='bbox 561 1417 839 1497; x_wconf 82' lang='lat' dir='ltr'>Spiritus</span> <span class='ocrx_word' id='word_1_40' title='bbox 887 1415 1067 1475; x_wconf 83' lang='lat' dir='ltr'>diluti</span> <span class='ocrx_word' id='word_1_41' title='bbox 1101 1415 1377 1494; x_wconf 76' lang='lat' dir='ltr'>partibus</span> <span class='ocrx_word' id='word_1_42' title='bbox 1423 1413 1747 1496; x_wconf 72' lang='lat' dir='ltr'>quindecim</span> <span class='ocrx_word' id='word_1_43' title='bbox 1788 1460 2239 1473; x_wconf 89' lang='grc'><strong>...........</strong></span> <span class='ocrx_word' id='word_1_44' title='bbox 2303 1416 2381 1472; x_wconf 88' lang='grc'>15</span> 
     </span>
     <span class='ocr_line' id='line_1_10' title="bbox 737 1515 2249 1598; baseline -0.003 -19"><span class='ocrx_word' id='word_1_45' title='bbox 737 1519 1058 1589; x_wconf 80' lang='lat' dir='ltr'>admixtis,</span> <span class='ocrx_word' id='word_1_46' title='bbox 1094 1537 1345 1577; x_wconf 76' lang='lat' dir='ltr'>macera</span> <span class='ocrx_word' id='word_1_47' title='bbox 1369 1537 1483 1598; x_wconf 88' lang='lat' dir='ltr'>per</span> <span class='ocrx_word' id='word_1_48' title='bbox 1517 1517 1650 1577; x_wconf 90' lang='lat' dir='ltr'>dies</span> <span class='ocrx_word' id='word_1_49' title='bbox 1683 1536 1810 1576; x_wconf 81' lang='lat' dir='ltr'>sex.</span> <span class='ocrx_word' id='word_1_50' title='bbox 1870 1515 2112 1591; x_wconf 80' lang='lat' dir='ltr'>Quibus</span> <span class='ocrx_word' id='word_1_51' title='bbox 2148 1535 2249 1575; x_wconf 79' lang='lat' dir='ltr'>ex-</span> 
     </span>
    </p>

    <p class='ocr_par' dir='ltr' id='par_1_5' title="bbox 738 1604 1999 1703">
     <span class='ocr_line' id='line_1_11' title="bbox 738 1604 1999 1703; baseline -0.004 -21"><span class='ocrx_word' id='word_1_52' title='bbox 738 1604 989 1703; x_wconf 80' lang='lat' dir='ltr'>pressiS,</span> <span class='ocrx_word' id='word_1_53' title='bbox 1039 1621 1125 1693; x_wconf 90' lang='lat' dir='ltr'>id,</span> <span class='ocrx_word' id='word_1_54' title='bbox 1176 1620 1349 1700; x_wconf 89' lang='lat' dir='ltr'>quod</span> <span class='ocrx_word' id='word_1_55' title='bbox 1395 1621 1711 1690; x_wconf 81' lang='lat' dir='ltr'>restiterit,</span> <span class='ocrx_word' id='word_1_56' title='bbox 1762 1619 1999 1678; x_wconf 88' lang='lat' dir='ltr'>additis</span> 
     </span>
    </p>
   </div>
   <div class='ocr_carea' id='block_1_5' title="bbox 564 1723 2384 2013">
    <p class='ocr_par' dir='ltr' id='par_1_6' title="bbox 564 1723 2384 2013">
     <span class='ocr_line' id='line_1_12' title="bbox 564 1723 2383 1807; baseline -0.003 -20"><span class='ocrx_word' id='word_1_57' title='bbox 564 1725 843 1807; x_wconf 84' lang='lat' dir='ltr'>Spiritus</span> <span class='ocrx_word' id='word_1_58' title='bbox 891 1724 1074 1784; x_wconf 86' lang='lat' dir='ltr'>diluti</span> <span class='ocrx_word' id='word_1_59' title='bbox 1105 1723 1382 1804; x_wconf 76' lang='lat' dir='ltr'>partibus</span> <span class='ocrx_word' id='word_1_60' title='bbox 1428 1724 1678 1806; x_wconf 75' lang='lat' dir='ltr'>quinque</span> <span class='ocrx_word' id='word_1_61' title='bbox 1704 1769 2242 1783; x_wconf 89' lang='grc'><strong>.............</strong></span> <span class='ocrx_word' id='word_1_62' title='bbox 2345 1725 2383 1782; x_wconf 90' lang='grc'><strong>5</strong></span> 
     </span>
     <span class='ocr_line' id='line_1_13' title="bbox 741 1836 803 1889; baseline 0 0"><span class='ocrx_word' id='word_1_63' title='bbox 741 1836 803 1889; x_wconf 89' lang='lat' dir='ltr'>et</span> 
     </span>
     <span class='ocr_line' id='line_1_14' title="bbox 567 1931 2384 2013; baseline -0.003 -20"><span class='ocrx_word' id='word_1_64' title='bbox 567 1937 783 2013; x_wconf 83' lang='lat' dir='ltr'>Aquae</span> <span class='ocrx_word' id='word_1_65' title='bbox 815 1931 1092 2012; x_wconf 78' lang='lat' dir='ltr'>partibus</span> <span class='ocrx_word' id='word_1_66' title='bbox 1138 1932 1390 2013; x_wconf 76' lang='lat' dir='ltr'>quinque</span> <span class='ocrx_word' id='word_1_67' title='bbox 1437 1976 2243 1990; x_wconf 92' lang='grc'><strong>...................</strong></span> <span class='ocrx_word' id='word_1_68' title='bbox 2346 1931 2384 1988; x_wconf 91' lang='grc'><strong>5</strong></span> 
     </span>
    </p>
   </div>
   <div class='ocr_carea' id='block_1_6' title="bbox 394 2033 2170 2114">
    <p class='ocr_par' dir='ltr' id='par_1_7' title="bbox 394 2033 2170 2114">
     <span class='ocr_line' id='line_1_15' title="bbox 394 2033 2170 2114; baseline -0.005 -16"><span class='ocrx_word' id='word_1_69' title='bbox 394 2041 554 2098; x_wconf 84' lang='lat' dir='ltr'>inter</span> <span class='ocrx_word' id='word_1_70' title='bbox 601 2057 665 2096; x_wconf 90' lang='lat' dir='ltr'>se</span> <span class='ocrx_word' id='word_1_71' title='bbox 714 2036 1090 2105; x_wconf 82' lang='lat' dir='ltr'>commixtis,</span> <span class='ocrx_word' id='word_1_72' title='bbox 1139 2054 1253 2114; x_wconf 88' lang='lat' dir='ltr'>per</span> <span class='ocrx_word' id='word_1_73' title='bbox 1299 2033 1581 2093; x_wconf 88' lang='lat' dir='ltr'>triduum</span> <span class='ocrx_word' id='word_1_74' title='bbox 1629 2034 1855 2091; x_wconf 88' lang='lat' dir='ltr'>iterum</span> <span class='ocrx_word' id='word_1_75' title='bbox 1903 2051 2170 2091; x_wconf 75' lang='lat' dir='ltr'>macera.</span> 
     </span>
    </p>
   </div>
   <div class='ocr_carea' id='block_1_7' title="bbox 482 2134 2506 2219">
    <p class='ocr_par' dir='ltr' id='par_1_8' title="bbox 482 2134 2506 2219">
     <span class='ocr_line' id='line_1_16' title="bbox 482 2134 2506 2219; baseline -0.003 -19"><span class='ocrx_word' id='word_1_76' title='bbox 482 2141 783 2219; x_wconf 88' lang='lat' dir='ltr'>Liquores</span> <span class='ocrx_word' id='word_1_77' title='bbox 848 2136 1265 2218; x_wconf 78' lang='lat' dir='ltr'>exprimendo</span> <span class='ocrx_word' id='word_1_78' title='bbox 1329 2134 1579 2194; x_wconf 80' lang='lat' dir='ltr'>effectos</span> <span class='ocrx_word' id='word_1_79' title='bbox 1652 2134 2059 2215; x_wconf 84' lang='lat' dir='ltr'>evaporando</span> <span class='ocrx_word' id='word_1_80' title='bbox 2134 2134 2216 2195; x_wconf 90' lang='lat' dir='ltr'>ad</span> <span class='ocrx_word' id='word_1_81' title='bbox 2288 2134 2407 2194; x_wconf 79' lang='lat' dir='ltr'>Ex·</span> <span class='ocrx_word' id='word_1_82' title='bbox 2504 2169 2506 2171; x_wconf 80' lang='grc'><em>·</em></span> 
     </span>
    </p>
   </div>
   <div class='ocr_carea' id='block_1_8' title="bbox 394 2239 2166 2422">
    <p class='ocr_par' dir='ltr' id='par_1_9' title="bbox 394 2239 2166 2422">
     <span class='ocr_line' id='line_1_17' title="bbox 394 2239 1231 2319; baseline -0.008 -14"><span class='ocrx_word' id='word_1_83' title='bbox 394 2255 663 2305; x_wconf 86' lang='lat' dir='ltr'>tractum</span> <span class='ocrx_word' id='word_1_84' title='bbox 715 2242 947 2301; x_wconf 79' lang='lat' dir='ltr'>siecum</span> <span class='ocrx_word' id='word_1_85' title='bbox 995 2239 1231 2319; x_wconf 85' lang='lat' dir='ltr'>redige.</span> 
     </span>
     <span class='ocr_line' id='line_1_18' title="bbox 485 2340 2166 2422; baseline -0.004 -16"><span class='ocrx_word' id='word_1_86' title='bbox 485 2348 579 2407; x_wconf 83' lang='lat' dir='ltr'>Sit</span> <span class='ocrx_word' id='word_1_87' title='bbox 625 2365 657 2404; x_wconf 93' lang='lat' dir='ltr'>e</span> <span class='ocrx_word' id='word_1_88' title='bbox 704 2343 870 2403; x_wconf 91' lang='lat' dir='ltr'>ssavo</span> <span class='ocrx_word' id='word_1_89' title='bbox 919 2342 1182 2413; x_wconf 76' lang='lat' dir='ltr'>fuscum,</span> <span class='ocrx_word' id='word_1_90' title='bbox 1231 2343 1298 2402; x_wconf 87' lang='lat' dir='ltr'>in</span> <span class='ocrx_word' id='word_1_91' title='bbox 1342 2340 1532 2422; x_wconf 88' lang='lat' dir='ltr'>Aqua</span> <span class='ocrx_word' id='word_1_92' title='bbox 1576 2340 1832 2401; x_wconf 90' lang='lat' dir='ltr'>turbide</span> <span class='ocrx_word' id='word_1_93' title='bbox 1878 2340 2166 2401; x_wconf 90' lang='lat' dir='ltr'>solubile.</span> 
     </span>
    </p>
   </div>
   <div class='ocr_carea' id='block_1_9' title="bbox 485 2451 1760 2747">
    <p class='ocr_par' dir='ltr' id='par_1_10' title="bbox 485 2451 1760 2747">
     <span class='ocr_line' id='line_1_19' title="bbox 485 2451 1026 2509; baseline -0.007 0"><span class='ocrx_word' id='word_1_94' title='bbox 485 2451 683 2509; x_wconf 80' lang='lat' dir='ltr'>Caute</span> <span class='ocrx_word' id='word_1_95' title='bbox 727 2455 1026 2507; x_wconf 87' lang='lat' dir='ltr'>servetur.</span> 
     </span>
     <span class='ocr_line' id='line_1_20' title="bbox 749 2562 1760 2641; baseline -0.002 -16"><span class='ocrx_word' id='word_1_96' title='bbox 749 2564 937 2625; x_wconf 77' lang='lat' dir='ltr'>Dosis</span> <span class='ocrx_word' id='word_1_97' title='bbox 985 2564 1259 2623; x_wconf 86' lang='lat' dir='ltr'>maxima</span> <span class='ocrx_word' id='word_1_98' title='bbox 1305 2562 1559 2641; x_wconf 79' lang='lat' dir='ltr'>singula</span> <span class='ocrx_word' id='word_1_99' title='bbox 1604 2566 1760 2639; x_wconf 85' lang='lat'>0,05.</span> 
     </span>
     <span class='ocr_line' id='line_1_21' title="bbox 748 2665 1723 2747; baseline -0.007 -19"><span class='ocrx_word' id='word_1_100' title='bbox 748 2667 936 2728; x_wconf 86' lang='lat' dir='ltr'>Dosis</span> <span class='ocrx_word' id='word_1_101' title='bbox 984 2666 1257 2727; x_wconf 86' lang='lat' dir='ltr'>maxima</span> <span class='ocrx_word' id='word_1_102' title='bbox 1300 2686 1416 2747; x_wconf 88' lang='lat' dir='ltr'>pro</span> <span class='ocrx_word' id='word_1_103' title='bbox 1463 2665 1562 2726; x_wconf 85' lang='lat' dir='ltr'>die</span> <span class='ocrx_word' id='word_1_104' title='bbox 1608 2669 1723 2742; x_wconf 85' lang='lat'>0,2.</span> 
     </span>
    </p>
   </div>
   <div class='ocr_carea' id='block_1_10' title="bbox 787 2943 2022 3034">
    <p class='ocr_par' dir='ltr' id='par_1_11' title="bbox 787 2943 2022 3034">
     <span class='ocr_line' id='line_1_22' title="bbox 787 2943 2022 3034; baseline -0.003 0"><span class='ocrx_word' id='word_1_105' title='bbox 787 2947 1338 3034; x_wconf 78' lang='lat' dir='ltr'>Extractum</span> <span class='ocrx_word' id='word_1_106' title='bbox 1399 2943 2022 3032; x_wconf 81' lang='lat' dir='ltr'>Cubebarum.</span> 
     </span>
    </p>
   </div>
   <div class='ocr_carea' id='block_1_11' title="bbox 577 3124 2407 3413">
    <p class='ocr_par' dir='ltr' id='par_1_12' title="bbox 577 3124 2407 3413">
     <span class='ocr_line' id='line_1_23' title="bbox 577 3124 2407 3205; baseline -0.005 -16"><span class='ocrx_word' id='word_1_107' title='bbox 577 3127 976 3189; x_wconf 64' lang='lat' dir='ltr'>(lubebat-um</span> <span class='ocrx_word' id='word_1_108' title='bbox 1013 3130 1219 3205; x_wconf 77' lang='lat' dir='ltr'>partes</span> <span class='ocrx_word' id='word_1_109' title='bbox 1265 3124 1459 3185; x_wconf 81' lang='lat' dir='ltr'>decem</span> <span class='ocrx_word' id='word_1_110' title='bbox 1484 3167 2242 3183; x_wconf 90' lang='grc'><strong>..................</strong></span> <span class='ocrx_word' id='word_1_111' title='bbox 2309 3125 2407 3190; x_wconf 85' lang='lat'>10,</span> 
     </span>
     <span class='ocr_line' id='line_1_24' title="bbox 755 3228 988 3288; baseline 0 0"><span class='ocrx_word' id='word_1_112' title='bbox 755 3228 988 3288; x_wconf 78' lang='lat' dir='ltr'>additis</span> 
     </span>
     <span class='ocr_line' id='line_1_25' title="bbox 580 3328 2382 3413; baseline -0.005 -21"><span class='ocrx_word' id='word_1_113' title='bbox 580 3331 861 3392; x_wconf 73' lang='lat' dir='ltr'>Aetheris</span> <span class='ocrx_word' id='word_1_114' title='bbox 899 3330 1171 3411; x_wconf 72' lang='lat' dir='ltr'>partibus</span> <span class='ocrx_word' id='word_1_115' title='bbox 1215 3330 1535 3413; x_wconf 75' lang='lat' dir='ltr'>quindecim</span> <span class='ocrx_word' id='word_1_116' title='bbox 1575 3371 2239 3389; x_wconf 90' lang='grc'><strong>................</strong></span> <span class='ocrx_word' id='word_1_117' title='bbox 2308 3328 2382 3383; x_wconf 81' lang='grc'>[5</span> 
     </span>
    </p>
   </div>
   <div class='ocr_carea' id='block_1_12' title="bbox 754 3443 815 3495">
    <p class='ocr_par' dir='ltr' id='par_1_13' title="bbox 754 3443 815 3495">
     <span class='ocr_line' id='line_1_26' title="bbox 754 3443 815 3495; baseline 0.016 -1"><span class='ocrx_word' id='word_1_118' title='bbox 754 3443 815 3495; x_wconf 88' lang='lat' dir='ltr'>et</span> 
     </span>
    </p>
   </div>
  </div>
 </body>
</html>
