2808 3996
1304 255 1451 324 129

721 434 1049 520 Herba
1111 431 1458 518 Cardui
1519 433 2021 520 benedicti.

458 597 635 657 Folia
677 607 737 657 et
774 598 935 656 rami
968 595 1281 667 florentes,
1333 616 1494 676 quae
1528 597 1709 656 offert
1742 597 1974 655 Unicus
2023 598 2385 658 benedictus

373 700 708 775 (Carbenia
738 699 1112 774 benedicta).
1166 700 1345 759 Folia
1377 700 1868 780 amplexicaulia
1898 720 2101 781 paene
2132 701 2388 780 pedalia
2413 767 2419 774 ,

373 813 518 864 sunt
578 806 830 864 sinuose
890 805 1181 883 pinnata,
1249 804 1546 864 dentibus
1609 806 1888 875 serratiS,
1953 804 2384 877 subrotundis,

373 908 668 967 aculeatis
732 914 792 965 et
850 907 1086 987 petiolo
1151 907 1320 966 alato
1375 909 1701 966 instructa.
1796 907 2051 966 Florum
2109 910 2388 988 capitula

372 1030 604 1090 magna
650 1010 901 1089 singula
956 1010 1227 1070 bracteis
1281 1010 1408 1069 late
1463 1012 1694 1080 ovatis,
1755 1019 1934 1070 acute
1989 1013 2384 1085 acuminatis,

372 1133 670 1173 araneose
723 1114 940 1193 pilatis
989 1114 1448 1173 circumvoluta
1506 1122 1565 1173 et
1610 1114 1938 1173 involucro
1995 1114 2196 1174 solide
2245 1136 2385 1175 acu-

369 1218 535 1277 leato
582 1217 826 1276 inclusa
873 1225 1034 1277 sunt.
1130 1217 1424 1298 Capitula
1476 1216 1771 1278 flosculos
1826 1218 2387 1298 hermaphroditos

368 1319 595 1391 flavos,
643 1320 967 1380 tubulatos
1014 1323 1357 1380 continent.
1453 1321 1711 1401 Saporis
1758 1323 1975 1381 amari.

921 1557 1253 1642 Herba
1314 1555 1820 1643 Centaurii.

454 1721 673 1780 Partes
718 1740 909 1800 super
938 1729 1170 1780 terram
1215 1722 1577 1792 eminentes,
1628 1740 1786 1800 quas
1819 1721 2002 1781 offert
2033 1723 2388 1800 Erythraea

369 1823 807 1900 centaurium,
881 1831 1165 1904 tempore
1226 1823 1398 1884 floris
1467 1824 1786 1884 collectae.
1831 1855 1833 1857 ·
1898 1824 2124 1885 Caules
2189 1846 2384 1905 angu-

365 1928 484 1997 losi
532 1927 615 1987 ad
678 1927 1016 1988 decimetros
1085 1928 1202 1988 duo
1273 1936 1382 1988 aut
1450 1947 1645 2008 supra
1704 1929 1884 2008 longi
1955 1936 2015 1987 et
2076 1929 2160 1989 ad
2222 1929 2383 1989 milla·-

366 2036 579 2091 metros
639 2031 756 2091 duo
821 2039 931 2090 aut
995 2051 1188 2111 supra
1260 2034 1453 2092 crassi
1516 2040 1662 2091 sunt
1714 2032 2062 2091 umbellate
2123 2035 2382 2104 ramosi;

368 2135 639 2195 corollae
701 2136 978 2214 quinque
1049 2134 1182 2194 lobi
1245 2134 1448 2206 rubri,
1526 2142 1865 2214 postquam
1935 2137 2152 2195 siccati
2220 2143 2381 2208 sunt,

367 2237 765 2297 clauduntur.
865 2238 1043 2297 Folia
1098 2239 1367 2309 sessilia,
1432 2240 1840 2317 integerrima
1895 2238 2048 2298 bina
2102 2241 2265 2299 inter
2318 2259 2383 2300 se

366 2342 659 2420 opposita
683 2348 853 2411 sunt,
888 2342 956 2399 in
980 2340 1120 2400 basi
1146 2341 1345 2400 caulis
1371 2341 1452 2400 ad
1479 2343 1835 2402 centimetros
1862 2348 2135 2424 quattuor
2165 2344 2379 2422 longa,

366 2445 720 2504 centc'metros
781 2445 1024 2502 circiter
1086 2444 1201 2504 duo
1262 2445 1419 2516 lata,
1484 2446 1550 2503 in
1607 2446 2038 2525 superioribus
2091 2447 2382 2526 partibus

367 2547 564 2606 caulis
597 2548 843 2606 minora
875 2556 936 2607 et
968 2549 1274 2618 acutiora3
1307 2556 1443 2608 tota
1473 2549 1697 2628 planta
1730 2549 1912 2609 calva
1945 2556 2054 2609 est.
2121 2549 2380 2631 Saporis

366 2669 583 2710 amari.

848 2858 1178 2943 Herba
1239 2856 1887 2944 Cochleariae.

452 3017 694 3090 Herba,
759 3038 949 3098 quam
1007 3019 1188 3080 offert
1244 3021 1611 3080 Cochlearia
1672 3021 2030 3099 officinaliS,
2095 3028 2376 3102 tempore

365 3118 534 3181 floris
568 3121 849 3193 collecta,
886 3143 1028 3182 cum
1061 3122 1227 3184 foliis
1259 3124 1627 3203 longissime
1658 3125 1977 3204 petiolatis
2010 3125 2374 3205 plantarum

367 3221 579 3283 florem
644 3225 931 3284 nondum
995 3227 1393 3287 mittentium.
1496 3228 1742 3287 Harum
1797 3225 1951 3286 folia
2008 3236 2151 3287 sunt
2211 3230 2372 3289 centi-

366 3332 576 3388 Μείνας
637 3328 753 3389 duo
817 3329 899 3389 ad
961 3334 1073 3390 tres
1125 3330 1283 3402 lata,
1349 3337 1540 3390 ovata
1599 3329 1703 3389 vel
1766 3330 2050 3402 cordata,
2118 3331 2369 3402 obtusa3

366 3428 585 3490 foliola
610 3431 803 3492 caulis
828 3434 1152 3514 superiora
1178 3441 1358 3493 acute
1392 3441 1600 3505 ovata,
1635 3434 1701 3492 in
1724 3435 2015 3513 margine
2046 3435 2370 3514 utriusque

1972 3560 2026 3605 17
