2808 3996
1269 260 1418 332 203

422 436 560 512 Quo
587 437 741 497 Oleo
775 437 1120 507 destillatO,
1156 441 1506 517 portiones,
1543 460 1705 518 quae
1735 444 1978 520 primae
2008 453 2358 517 transeunt,

335 539 620 621 ejusdem
667 542 795 599 sint
838 539 1143 620 ponderis
1191 539 1495 620 specifici,
1551 544 1731 624 cujus
1780 551 1841 603 et
1886 544 2107 604 Oleum
2154 548 2362 626 ipsum

334 650 396 701 et
439 643 765 722 portiones
812 642 1075 701 ultimae
1119 651 1438 723 exceptae.
1533 643 1709 704 Infra
1760 646 1924 705 1480
1971 647 2236 708 ebullire
2279 669 2362 709 ne

331 746 621 824 incipiat3
669 745 794 804 hoc
836 745 1046 804 calore
1079 753 1381 805 transeat.
1478 746 1663 806 Aoidi
1703 746 1986 807 sulfurici
2012 752 2364 829 yrammatis

330 866 432 906 sex
477 847 561 906 ad
602 851 946 928 yrammata
992 847 1106 907 tria
1160 847 1353 928 hujus
1402 847 1535 907 Olei
1591 850 1926 929 paullatim
1971 852 2060 910 ita
2108 851 2358 925 additis,

331 956 403 1007 ut
424 948 587 1007 bene
609 948 1080 1028 refi‘igerentur,
1107 951 1331 1009 mixtio
1351 960 1793 1029 conquassata,
1820 952 2023 1012 Acido
2050 953 2362 1014 sulfuroso

332 1049 724 1129 aufugiente,
758 1059 1044 1111 remanet
1075 1052 1243 1111 clare
1273 1050 1467 1123 flava,
1503 1072 1762 1133 prorsus
1794 1055 2089 1134 limpida,
2127 1055 2362 1115 deinde

330 1151 401 1211 fit
421 1155 729 1213 tenaciter
758 1153 1025 1233 liquida,
1059 1155 1381 1215 interdum
1413 1156 1804 1234 crystallina,
1841 1159 2071 1217 amittit
2102 1158 2362 1218 odorem

331 1274 542 1315 acrem
590 1255 727 1315 Olei
773 1255 1047 1337 Sinapis.

420 1358 772 1419 Grammata
833 1360 948 1419 tria
1003 1359 1289 1441 ejusdem
1343 1359 1505 1432 Olei,
1575 1381 1718 1421 cum
1777 1364 2130 1443 yrammatc’s
2182 1363 2364 1426 tribus

330 1460 629 1541 SpirituS,
703 1480 805 1522 ερας
868 1461 1159 1541 Liquoris
1222 1461 1547 1522 Ammonii
1613 1466 1871 1523 caustici
1931 1466 1996 1523 in
2058 1467 2364 1526 retortula

330 1570 776 1643 conquassata,
819 1565 1196 1623 mixtionem
1241 1563 1544 1635 efficiunt,
1589 1585 1754 1644 quae
1794 1565 2026 1645 frigore
2066 1576 2212 1647 post
2253 1569 2360 1628 ali-

329 1673 485 1744 quot
513 1667 709 1726 horas
739 1665 1126 1746 limpidescit
1171 1667 1478 1743 (celeriter
1513 1669 1721 1727 calore
1761 1669 1901 1745 500)
1952 1678 2013 1729 et
2060 1672 2363 1749 crystalla
2448 1687 2453 1691 ’

327 1767 863 1828 Thiosinammini
887 1770 1114 1829 coloris
1141 1771 1428 1849 expertia
1444 1771 1822 1850 plerumque
1842 1772 2125 1851 praebet.
2175 1772 2363 1833 Unde

326 1869 567 1930 flavum
597 1872 891 1931 lixivium
924 1871 1383 1932 decanthatum
1422 1873 1490 1931 in
1524 1873 1759 1932 balneo
1794 1892 1996 1953 aquae
2027 1875 2362 1954 paullatim

327 1975 417 2033 ita
463 1993 770 2054 evapora,
828 1980 901 2034 ut
953 1993 1087 2034 non
1132 1975 1307 2054 prius
1355 1976 1695 2054 quicquam
1741 1977 2003 2054 liquoris
2050 1979 2358 2049 restituas,

329 2095 522 2156 quam
578 2076 738 2137 odor
791 2075 1118 2136 Ammonii
1166 2079 1509 2136 evanuerit.
1603 2076 1750 2137 Jam
1806 2086 1868 2138 et
1923 2080 2240 2158 crystallis
2293 2081 2361 2139 in

327 2179 636 2259 patellam
668 2178 917 2261 injectis
961 2186 1023 2238 et
1062 2180 1175 2249 eiS,
1216 2197 1390 2257 ‚quae
1420 2180 1729 2238 retortula
1761 2182 2191 2252 continentur,
2242 2201 2360 2261 ope

329 2281 601 2361 Spiritus
647 2284 715 2341 in
764 2282 1035 2342 eandem
1083 2281 1359 2352 collutis,
1413 2282 1722 2361 patellam
1768 2283 1834 2340 in
1880 2282 2111 2342 balneo
2160 2303 2361 2362 aquae

329 2382 630 2456 caleface,
682 2383 887 2444 donec
934 2384 1069 2465 ejus
1100 2383 1357 2463 pondus
1395 2383 1535 2465 jam
1572 2404 1703 2444 non
1737 2386 2075 2444 minuatur.
2170 2385 2360 2445 Thio-

330 2488 811 2558 sinamminum,
865 2491 1272 2568 yrammatum
1321 2483 1474 2562 3,25
1530 2486 1614 2546 ad
1661 2485 1814 2563 3,50
1845 2488 2139 2566 pondere,
2190 2489 2359 2566 quod

327 2590 452 2649 hac
480 2591 727 2649 ratione
761 2588 1064 2654 effeceris,
1108 2587 1550 2668 refrigeratum
1592 2608 1803 2649 massa
1837 2597 1930 2649 est
1969 2590 2358 2667 crystallina,

286 2690 657 2763 subfusca,
708 2692 919 2751 calore
969 2692 1092 2752 700
1136 2690 1521 2770 liquescenS,
1595 2691 1806 2751 odoris
1853 2693 2051 2771 porri,
2102 2693 2359 2750 omnino

328 2813 461 2854 non
516 2795 705 2865 acris,
774 2813 937 2873 quae
994 2796 1061 2854 in
1102 2794 1374 2873 pondere
1428 2780 1646 2873 duplici
1698 2794 1918 2872 Aquae
1975 2793 2219 2852 calidae
2276 2794 2353 2852 ad

330 2895 638 2975 liquorem
693 2897 1049 2956 neutralem
1095 2897 1341 2976 saporis
1388 2896 1710 2955 subamari
1764 2915 1970 2973 neque
2023 2915 2173 2954 vero
2220 2915 2357 2973 pei·-

329 2998 604 3058 sistentis
653 2999 938 3058 solvitur.

507 3102 706 3161 Caute
755 3108 1057 3159 servetur.
