2808 3996
1369 245 1461 314 11

744 421 1148 509 Acidum
1209 420 2068 533 hydrochloricum.

454 581 715 662 >Liquor
769 580 1126 662 limpidus,
1200 582 1428 641 coloris
1500 602 1754 662 expers,
1836 582 2045 642 calore
2113 583 2419 653 volatiliS,

389 684 699 766 ponderis
724 682 1003 764 specifici
1035 685 1129 756 1‚1
1147 690 1254 754 243
1289 685 1359 743 in
1391 690 1618 745 centum
1635 685 1917 764 partibus
1946 687 2144 766 vzyz'ntz'
2171 688 2423 768 quinque

387 786 582 847 Acidi
627 785 1114 865 hydrochlorici
1161 786 1446 866 anhydri
1495 789 1802 859 continet,
1851 787 2139 867 Argento
2194 790 2420 847 nitrico

391 887 618 949 addito
649 871 1094 949 >sedimentum
1126 889 1384 961 album,
1436 909 1789 960 caseosum,
1840 891 1907 949 in
1954 891 2226 969 Liquore
2274 891 2421 950 Am-

389 993 592 1052 monii
648 992 913 1052 caustici
960 991 1236 1051 solubile
1290 991 1578 1072 praebet,
1629 1012 1769 1051 cum
1819 992 2140 1072 Mangano
2189 992 2420 1073 hyper-

388 1093 676 1173 oxydato
725 1092 1070 1154 calefactus
1119 1093 1428 1154 Chiorum
1477 1095 1723 1153 emittit.

477 1195 776 1267 Acidum,
810 1195 1100 1257 volumine
1123 1195 1425 1278 quintuplo
1441 1196 1666 1276 Aquae
1701 1197 1996 1268 dilutum,
2033 1217 2113 1257 ne
2146 1198 2423 1257 colorem

389 1299 753 1359 caeruleum
801 1297 1013 1371 ducat,
1063 1300 1117 1359 si
1147 1299 1490 1378 Liquorem
1520 1299 1741 1379 Amyli
1789 1300 2278 1359 volumetricum
2312 1301 2420 1360 ad-

388 1393 762 1473 miscueris,
820 1421 985 1461 neve
1039 1395 1237 1481 Aqua
1291 1401 1825 1481 hydrosulfurata
1887 1410 2193 1473 mutetur3
2243 1409 2424 1482 parte

388 1506 599 1586 eoez'yua
658 1504 1011 1565 Solutionis
1066 1504 1256 1564 Acidi
1309 1506 1617 1563 tartarici-
1653 1511 1715 1563 et
1766 1505 2041 1584 Liquore
2096 1505 2422 1565 Ammonii

388 1608 655 1667 caustici
688 1609 946 1688 copioso
978 1614 1433 1688 temperatum,
1485 1609 1537 1666 si
1569 1607 1912 1686 Liquorem
1937 1609 2265 1667 Ammonii
2298 1608 2421 1666 sul-

388 1707 583 1769 furati
638 1710 1081 1782 admiscueris,
1148 1710 1425 1769 colorem
1489 1709 1828 1770 dumtaxat
1879 1710 2151 1770 viridem
2211 1710 2419 1770 ducat.

388 1811 602 1891 Baryo
650 1813 880 1872 nitrico
912 1815 1080 1872 intra
1129 1812 1577 1872 duodecimam
1626 1821 1875 1893 partem
1922 1813 2121 1872 horae
2167 1833 2250 1872 ne
2294 1820 2421 1871 tur-

389 1914 605 1986 betur,
640 1935 722 1974 ne
746 1923 929 1975 tanto
956 1915 1219 1995 quidem
1251 1916 1528 1994 Liquere
1552 1915 1590 1975 J
1595 1916 1705 1975 odi
1727 1916 2146 1975 volumetrico
2174 1915 2418 1985 addito,

390 2025 703 2096 quantum
750 2016 1042 2089 sufficiat,
1091 2026 1161 2077 ut
1209 2019 1385 2077 color
1431 2017 1759 2080 subflavus
1807 2020 2064 2077 oriatur.
2097 2059 2099 2061 ψ

482 2119 838 2181 Centimem's
891 2121 1105 2181 cubicis
1169 2121 1351 2182 tribus
1404 2120 1594 2180 Aeidi
1657 2120 2138 2200 hydrochlorici
2202 2126 2264 2180 et
2324 2139 2423 2181 sex
2498 2176 2499 2179 ,

390 2221 634 2302 Aquae,
684 2242 846 2302 quos
893 2225 961 2282 in
1007 2224 1165 2283 tubo
1210 2223 1640 2303 exploratorio
1694 2225 2081 2299 (centimetros
2130 2221 2259 2280 fere
2308 2228 2422 2282 tres

391 2324 632 2405 amplo)
681 2333 865 2384 tanta
913 2325 1242 2386 Solutione
1289 2326 1327 2385 J
1332 2326 1441 2385 odi
1487 2327 1971 2405 temperaveriS,
2021 2332 2094 2384 ut
2141 2325 2417 2384 colorem

389 2425 630 2486 flavum
677 2427 971 2504 trahant,
1021 2428 1334 2487 nonnulla
1381 2427 1583 2488 frusta
1630 2429 1808 2487 Zinci
1858 2427 2215 2498 adduntur3
2263 2435 2418 2497 tum,

388 2529 837 2589 obturamento
864 2529 1168 2610 Gossypii
1193 2531 1342 2590 laxo
1367 2532 1623 2601 inserte,
1659 2530 1852 2590 tubus
1887 2530 2127 2589 scheda
2163 2530 2420 2588 chartae

273 2716 277 2721 ,
389 2631 655 2693 bibulae
689 2632 876 2692 albae
910 2632 1248 2703 clauditur,
1301 2652 1463 2712 quae
1496 2626 1710 2692 media
1740 2653 1862 2692 una
1888 2637 2056 2713 quita
2089 2631 2420 2690 solutionis

389 2734 661 2814 Argenti
710 2736 922 2794 nitrici
969 2744 1419 2795 concentratae
1477 2735 1532 2810 (l
1557 2763 1630 2788 =
1657 2736 1716 2811 2)
1766 2736 2189 2794 humectatur.
2285 2733 2420 2807 Quo

389 2837 559 2897 facto
619 2836 797 2897 locus
844 2838 1129 2915 Argento
1192 2839 1418 2897 nitrico
1489 2838 1770 2897 imbutus
1834 2857 1914 2895 ne
1977 2837 2192 2896 statim
2261 2856 2420 2894 nevo

388 2940 711 2999 semihora
765 2941 1150 2998 circumacta
1207 2939 1481 2999 colorem
1546 2939 1784 2998 flavum
1841 2939 2058 3007 ducat,
2125 2958 2285 2997 neve
2343 2957 2416 2993 ox

390 3041 904 3101 circumferentia
950 3043 1015 3100 in
1067 3042 1344 3100 colorem
1378 3041 1622 3101 fuscum
1676 3041 1757 3099 ad
1807 3042 2062 3115 nigrum
2113 3047 2413 3098 transeat.

482 3144 830 3204 Grammala
885 3144 1003 3204 duo
1059 3143 1245 3202 Avidi
1315 3143 1396 3202 ad
1457 3142 2003 3202 neutra!isandum
2065 3142 2420 3200 centimetros·

389 3245 621 3307 cubicas·
677 3245 826 3321 13,7
899 3245 1188 3323 Liquoris
1270 3245 1438 3303 Kalii
1522 3244 1771 3322 hydria}
1850 3244 2246 3302 velutin-trini
2328 3263 2415 3299 ιη·-

393 3348 673 3428 quirunt.

482 3452 680 3509 (Jaule
727 3461 1028 3508 servetur.

2008 3531 2035 3571 2
2048 3529 2065 3549 .
