2808 3996
1353 255 1497 324 237

415 427 624 489 forma·
666 430 1010 491 rotundate
1053 431 1463 510 triangulari,
1514 452 1703 513 saepe
1751 442 2039 504 curvata,
2088 433 2439 494 millimeva

415 550 735 591 summum
769 532 1168 615 quadrayz‘nta
1198 533 1452 612 longuS‚
1499 554 1598 595 sex
1643 554 1907 594 crassus.
2003 534 2194 615 Cujus
2238 535 2439 595 latera

414 633 659 693 intense
703 635 994 694 violacea
1037 635 1145 694 vel
1189 636 1394 714 nigra,
1443 635 1662 695 infima
1693 645 1876 716 parte
1909 638 2198 707 clariora,
2249 657 2438 716 saepe

416 733 776 796 desidentia
805 736 1183 817 plerumque
1217 737 1483 798 discissa
1516 739 1852 799 dehiscunt
1900 758 2100 819 usque
2140 741 2207 797 in
2244 739 2439 798 telam

412 836 810 910 interiorem,
883 838 1101 898 albam
1159 839 1266 899 vel
1333 839 1745 912 subrnbmm,
1816 860 1979 920 quae
2042 848 2135 901 est
2196 842 2438 920 saporis

412 939 626 1000 mollis
674 947 736 1000 et
773 941 1113 1023 juncturae
1159 941 1421 1002 solidae.
1517 942 1736 1002 Secale
1779 950 2115 1002 cornutum
2146 943 2437 1022 pulvera-

410 1046 575 1112 tum,
647 1043 700 1102 si
760 1043 1039 1124 partibus
1107 1044 1303 1104 decem
1370 1044 1595 1123 Aquae
1649 1043 1933 1104 fervidae
1989 1044 2435 1124 superfuderis

413 1141 679 1204 odorem
724 1145 848 1205 sibi
893 1147 1256 1226 proprium,
1326 1165 1534 1224 neque
1583 1146 2109 1204 ammoniacalem
2140 1165 2255 1204 nec
2291 1166 2437 1205 ran-

413 1243 647 1316 cidum,
699 1246 974 1307 exhalet.
1068 1247 1250 1307 Idem
1294 1247 1699 1327 pulveratum
1753 1267 1833 1306 ne
1881 1247 2265 1307 adhibeatur
2317 1249 2438 1306 nisi

410 1346 688 1407 Aethere
732 1368 994 1430 prorsus
1043 1351 1439 1410 exhaustum.

765 1467 957 1526 Dosis
1003 1467 1282 1527 maxima
1329 1468 1581 1544 singula
1631 1471 1744 1542 LO.

765 1569 957 1628 Dosis
1003 1569 1282 1629 maxima
1325 1589 1442 1650 pro
1490 1569 1590 1628 (lic
1638 1572 1754 1645 5,st

1002 1847 1357 1935 Semen
1419 1846 1872 1934 Colchici.

414 2070 417 2072 >
500 2022 787 2095 Semina,
838 2044 1003 2104 quae
1069 2025 1252 2085 offert
1307 2025 1669 2084 Colchicum
1718 2025 2112 2089 autunuialc.
2161 2026 2438 2083 maxime

411 2127 587 2186 trium
655 2127 1143 2204 mz'llz'mefforum,
1217 2127 1692 2187 delicatissimis
1778 2130 2031 2207 punctis
2120 2126 2435 2195 distincta,
2507 2166 2510 2168 -

410 2247 613 2308 prope
646 2229 933 2308 globosa,
981 2237 1121 2288 toro
1154 2229 1441 2288 umbilici
1472 2229 1762 2307 paullum
1795 2230 2175 2288 acuminata.
2248 2227 2440 2286 Testa

413 2330 602 2401 dura,
674 2330 852 2390 fusca
920 2331 1220 2391 albumen
1289 2331 1638 2398 radiatum,
1705 2332 1978 2405 griseum
2043 2329 2435 2409 conjunctim

412 2452 555 2491 cum
618 2432 963 2510 embryone
1023 2434 1373 2512 perexiguo
1439 2433 1858 2511 amplectitur.
1968 2434 2226 2492 Semina
2293 2440 2439 2490 sunt

411 2535 656 2614 saporis
703 2536 1042 2613 peramari.

501 2639 702 2696 Caute
748 2643 1049 2696 servetur.

870 2913 1218 3000 Semcn
1283 2910 1962 3016 Fammgrzwci.

502 3089 787 3159 Semina,
851 3110 1015 3169 quae
1079 3090 1262 3148 oss'crt
1323 3088 1691 3159 'ru-ignavus,
1761 3090 2036 3145 Faenum
2101 3088 2431 3149 Grac-cum.

415 3212 448 3253 e
510 3194 717 3270 grisco
787 3191 1026 3251 ssavida
1093 3192 1196 3250 vel
1268 3190 1595 3253 subsusva,
1672 3189 1860 3266 plane
1930 3187 2262 3246 rhombica,
2330 3186 2432 3244 vcl

414 3295 837 3373 inaequaliter
872 3291 1229 3353 rotundam„
1280 3291 1629 3350 millinwlrm·
1677 3295 1790 3348 lmus·
1822 3288 1899 3347 1111
1938 3290 2188 3369 qm‘msm’
2219 3289 2429 3361 longa,

415 3396 494 3456 ad
541 3397 658 3455 (lm)
691 3416 928 3464 crassa,
977 3414 1140 3472 qua(-
1173 3393 1348 3452 ¹sulco
1381 3413 1568 3470 saepe
1614 3390 2066 3470 propemodum
2109 3389 2430 3465 ‹lingonali
