<?xml version="1.0" encoding="UTF-8"?>
<!DOCTYPE html PUBLIC "-//W3C//DTD XHTML 1.0 Transitional//EN"
    "http://www.w3.org/TR/xhtml1/DTD/xhtml1-transitional.dtd">
<html xmlns="http://www.w3.org/1999/xhtml" xml:lang="en" lang="en">
 <head>
  <title>
</title>
<meta http-equiv="Content-Type" content="text/html;charset=utf-8" />
  <meta name='ocr-system' content='tesseract 3.04.00' />
  <meta name='ocr-capabilities' content='ocr_page ocr_carea ocr_par ocr_line ocrx_word'/>
</head>
<body>
  <div class='ocr_page' id='page_1' title='image "./pharmacopagerman00berluoft_0052.png"; bbox 0 0 2808 3996; ppageno 0'>
   <div class='ocr_carea' id='block_1_1' title="bbox 1401 253 1500 324">
    <p class='ocr_par' dir='ltr' id='par_1_1' title="bbox 1401 253 1500 324">
     <span class='ocr_line' id='line_1_1' title="bbox 1401 253 1500 324; baseline -0.01 0"><span class='ocrx_word' id='word_1_1' title='bbox 1401 253 1500 324; x_wconf 79' lang='lat'>34</span> 
     </span>
    </p>
   </div>
   <div class='ocr_carea' id='block_1_2' title="bbox 445 430 2475 820">
    <p class='ocr_par' dir='ltr' id='par_1_2' title="bbox 447 430 2474 615">
     <span class='ocr_line' id='line_1_2' title="bbox 536 430 2474 513; baseline -0.001 -19"><span class='ocrx_word' id='word_1_2' title='bbox 536 434 632 494; x_wconf 87' lang='lat' dir='ltr'>Sit</span> <span class='ocrx_word' id='word_1_3' title='bbox 677 432 978 513; x_wconf 86' lang='lat' dir='ltr'>limpida,</span> <span class='ocrx_word' id='word_1_4' title='bbox 1029 431 1321 492; x_wconf 87' lang='lat' dir='ltr'>subflava</span> <span class='ocrx_word' id='word_1_5' title='bbox 1365 431 1472 490; x_wconf 85' lang='lat' dir='ltr'>vel</span> <span class='ocrx_word' id='word_1_6' title='bbox 1519 450 1553 490; x_wconf 91' lang='lat' dir='ltr'>e</span> <span class='ocrx_word' id='word_1_7' title='bbox 1600 430 1900 491; x_wconf 74' lang='lat' dir='ltr'>subfusco</span> <span class='ocrx_word' id='word_1_8' title='bbox 1930 430 2130 503; x_wconf 86' lang='lat' dir='ltr'>flava,</span> <span class='ocrx_word' id='word_1_9' title='bbox 2166 441 2228 492; x_wconf 92' lang='lat' dir='ltr'>et</span> <span class='ocrx_word' id='word_1_10' title='bbox 2259 433 2474 493; x_wconf 88' lang='lat' dir='ltr'>odoris</span> 
     </span>
     <span class='ocr_line' id='line_1_3' title="bbox 447 527 1654 615; baseline -0.003 -21"><span class='ocrx_word' id='word_1_11' title='bbox 447 542 507 594; x_wconf 89' lang='lat' dir='ltr'>et</span> <span class='ocrx_word' id='word_1_12' title='bbox 554 537 798 615; x_wconf 82' lang='lat' dir='ltr'>saporis</span> <span class='ocrx_word' id='word_1_13' title='bbox 845 536 1026 615; x_wconf 79' lang='lat' dir='ltr'>picei.</span> <span class='ocrx_word' id='word_1_14' title='bbox 1652 527 1654 529; x_wconf 46' lang='lat'><em>&#39;</em></span> 
     </span>
    </p>

    <p class='ocr_par' dir='ltr' id='par_1_3' title="bbox 445 636 2475 820">
     <span class='ocr_line' id='line_1_4' title="bbox 531 636 2475 717; baseline 0 -21"><span class='ocrx_word' id='word_1_15' title='bbox 531 639 662 696; x_wconf 92' lang='lat' dir='ltr'>Aut</span> <span class='ocrx_word' id='word_1_16' title='bbox 729 638 1228 716; x_wconf 76' lang='lat' dir='ltr'>quotiescunque</span> <span class='ocrx_word' id='word_1_17' title='bbox 1294 637 1691 716; x_wconf 76' lang='lat' dir='ltr'>praescripta</span> <span class='ocrx_word' id='word_1_18' title='bbox 1761 636 1909 707; x_wconf 90' lang='lat' dir='ltr'>erit,</span> <span class='ocrx_word' id='word_1_19' title='bbox 1980 643 2267 695; x_wconf 77' lang='lat' dir='ltr'>recenter</span> <span class='ocrx_word' id='word_1_20' title='bbox 2314 656 2475 717; x_wconf 87' lang='lat' dir='ltr'>para</span> 
     </span>
     <span class='ocr_line' id='line_1_5' title="bbox 445 739 1960 820; baseline -0.001 -22"><span class='ocrx_word' id='word_1_21' title='bbox 445 748 555 799; x_wconf 84' lang='lat' dir='ltr'>aut</span> <span class='ocrx_word' id='word_1_22' title='bbox 598 757 944 820; x_wconf 81' lang='lat' dir='ltr'>parumper</span> <span class='ocrx_word' id='word_1_23' title='bbox 990 744 1242 797; x_wconf 88' lang='lat' dir='ltr'>tantum</span> <span class='ocrx_word' id='word_1_24' title='bbox 1289 739 1357 797; x_wconf 91' lang='lat' dir='ltr'>in</span> <span class='ocrx_word' id='word_1_25' title='bbox 1402 745 1709 818; x_wconf 86' lang='lat' dir='ltr'>promptu</span> <span class='ocrx_word' id='word_1_26' title='bbox 1755 756 1960 797; x_wconf 88' lang='lat' dir='ltr'>serva.</span> 
     </span>
    </p>
   </div>
   <div class='ocr_carea' id='block_1_3' title="bbox 1103 882 1837 993">
    <p class='ocr_par' dir='ltr' id='par_1_4' title="bbox 1103 882 1837 993">
     <span class='ocr_line' id='line_1_6' title="bbox 1103 882 1837 993; baseline -0.003 -25"><span class='ocrx_word' id='word_1_27' title='bbox 1103 884 1380 993; x_wconf 82' lang='lat' dir='ltr'><strong>Aqua</strong></span> <span class='ocrx_word' id='word_1_28' title='bbox 1438 882 1837 968; x_wconf 86' lang='lat' dir='ltr'>Plumbi.</span> 
     </span>
    </p>
   </div>
   <div class='ocr_carea' id='block_1_4' title="bbox 618 1030 2470 1317">
    <p class='ocr_par' dir='ltr' id='par_1_5' title="bbox 618 1030 2470 1317">
     <span class='ocr_line' id='line_1_7' title="bbox 619 1030 2448 1111; baseline 0 -19"><span class='ocrx_word' id='word_1_29' title='bbox 619 1031 916 1111; x_wconf 84' lang='lat' dir='ltr'>Liquoris</span> <span class='ocrx_word' id='word_1_30' title='bbox 965 1030 1217 1090; x_wconf 89' lang='lat' dir='ltr'>Plumbi</span> <span class='ocrx_word' id='word_1_31' title='bbox 1265 1030 1606 1090; x_wconf 82' lang='lat' dir='ltr'>subaeetiei</span> <span class='ocrx_word' id='word_1_32' title='bbox 1637 1031 1812 1110; x_wconf 74' lang='lat' dir='ltr'>parti</span> <span class='ocrx_word' id='word_1_33' title='bbox 1852 1031 1957 1091; x_wconf 84' lang='lat' dir='ltr'>um&#39;</span> <span class='ocrx_word' id='word_1_34' title='bbox 1983 1078 2306 1092; x_wconf 92' lang='grc'><strong>........</strong></span> <span class='ocrx_word' id='word_1_35' title='bbox 2414 1035 2448 1092; x_wconf 95' lang='grc'>1</span> 
     </span>
     <span class='ocr_line' id='line_1_8' title="bbox 796 1134 1077 1193; baseline 0 -1"><span class='ocrx_word' id='word_1_36' title='bbox 796 1134 1077 1193; x_wconf 78' lang='lat' dir='ltr'>admisce</span> 
     </span>
     <span class='ocr_line' id='line_1_9' title="bbox 618 1236 2470 1317; baseline 0 -21"><span class='ocrx_word' id='word_1_37' title='bbox 618 1241 836 1316; x_wconf 85' lang='lat' dir='ltr'>Aquae</span> <span class='ocrx_word' id='word_1_38' title='bbox 870 1242 1079 1315; x_wconf 74' lang='lat' dir='ltr'>partes</span> <span class='ocrx_word' id='word_1_39' title='bbox 1125 1236 1525 1317; x_wconf 69' lang='lat' dir='ltr'>quadrayinta</span> <span class='ocrx_word' id='word_1_40' title='bbox 1571 1254 1776 1295; x_wconf 78' lang='lat' dir='ltr'>novem</span> <span class='ocrx_word' id='word_1_41' title='bbox 1802 1282 2304 1296; x_wconf 91' lang='grc'><strong>............</strong></span> <span class='ocrx_word' id='word_1_42' title='bbox 2366 1238 2470 1296; x_wconf 86' lang='grc'>49.</span> 
     </span>
    </p>
   </div>
   <div class='ocr_carea' id='block_1_5' title="bbox 443 1338 2471 1706">
    <p class='ocr_par' dir='ltr' id='par_1_6' title="bbox 531 1338 1288 1419">
     <span class='ocr_line' id='line_1_10' title="bbox 531 1338 1288 1419; baseline -0.007 -19"><span class='ocrx_word' id='word_1_43' title='bbox 531 1339 627 1400; x_wconf 85' lang='lat' dir='ltr'>Sit</span> <span class='ocrx_word' id='word_1_44' title='bbox 670 1339 963 1419; x_wconf 89' lang='lat' dir='ltr'>paullum</span> <span class='ocrx_word' id='word_1_45' title='bbox 1009 1338 1288 1397; x_wconf 86' lang='lat' dir='ltr'>turbida.</span> 
     </span>
    </p>

    <p class='ocr_par' dir='ltr' id='par_1_7' title="bbox 529 1440 1543 1520">
     <span class='ocr_line' id='line_1_11' title="bbox 529 1440 1543 1520; baseline -0.003 -19"><span class='ocrx_word' id='word_1_46' title='bbox 529 1441 891 1520; x_wconf 82' lang='lat' dir='ltr'>Antequam</span> <span class='ocrx_word' id='word_1_47' title='bbox 940 1440 1298 1519; x_wconf 81' lang='lat' dir='ltr'>dispenseS‚</span> <span class='ocrx_word' id='word_1_48' title='bbox 1350 1440 1543 1518; x_wconf 82' lang='lat' dir='ltr'>agita.</span> 
     </span>
    </p>

    <p class='ocr_par' dir='ltr' id='par_1_8' title="bbox 443 1542 2471 1706">
     <span class='ocr_line' id='line_1_12' title="bbox 529 1542 2471 1625; baseline 0.001 -22"><span class='ocrx_word' id='word_1_49' title='bbox 529 1544 753 1623; x_wconf 85' lang='lat' dir='ltr'>Aquae</span> <span class='ocrx_word' id='word_1_50' title='bbox 804 1542 1059 1602; x_wconf 87' lang='lat' dir='ltr'>Plumbi</span> <span class='ocrx_word' id='word_1_51' title='bbox 1113 1542 1424 1602; x_wconf 85' lang='lat' dir='ltr'>Goulardi</span> <span class='ocrx_word' id='word_1_52' title='bbox 1471 1542 1613 1600; x_wconf 80' lang='lat' dir='ltr'>loeo</span> <span class='ocrx_word' id='word_1_53' title='bbox 1668 1542 1858 1621; x_wconf 87' lang='lat' dir='ltr'>Aqua</span> <span class='ocrx_word' id='word_1_54' title='bbox 1903 1542 2162 1602; x_wconf 90' lang='lat' dir='ltr'>Plumbi</span> <span class='ocrx_word' id='word_1_55' title='bbox 2217 1542 2471 1625; x_wconf 85' lang='lat' dir='ltr'>dispen-</span> 
     </span>
     <span class='ocr_line' id='line_1_13' title="bbox 443 1646 806 1706; baseline 0 0"><span class='ocrx_word' id='word_1_56' title='bbox 443 1646 649 1706; x_wconf 85' lang='lat' dir='ltr'>sanda</span> <span class='ocrx_word' id='word_1_57' title='bbox 695 1653 806 1706; x_wconf 87' lang='lat' dir='ltr'>est.</span> 
     </span>
    </p>
   </div>
   <div class='ocr_carea' id='block_1_6' title="bbox 1102 1761 1805 1872">
    <p class='ocr_par' dir='ltr' id='par_1_9' title="bbox 1102 1761 1805 1872">
     <span class='ocr_line' id='line_1_14' title="bbox 1102 1761 1805 1872; baseline -0.001 -25"><span class='ocrx_word' id='word_1_58' title='bbox 1102 1763 1378 1872; x_wconf 87' lang='lat' dir='ltr'>Aqua</span> <span class='ocrx_word' id='word_1_59' title='bbox 1438 1761 1805 1847; x_wconf 85' lang='lat' dir='ltr'>Rosae.</span> 
     </span>
    </p>
   </div>
   <div class='ocr_carea' id='block_1_7' title="bbox 442 1911 1714 2401">
    <p class='ocr_par' dir='ltr' id='par_1_10' title="bbox 442 1911 1714 2401">
     <span class='ocr_line' id='line_1_15' title="bbox 619 1911 1582 1992; baseline -0.002 -21"><span class='ocrx_word' id='word_1_60' title='bbox 619 1911 761 1971; x_wconf 83' lang='lat' dir='ltr'>Olei</span> <span class='ocrx_word' id='word_1_61' title='bbox 805 1913 1017 1971; x_wconf 88' lang='lat' dir='ltr'>Rosae</span> <span class='ocrx_word' id='word_1_62' title='bbox 1059 1915 1258 1992; x_wconf 52' lang='lat' dir='ltr'>,quitas</span> <span class='ocrx_word' id='word_1_63' title='bbox 1303 1914 1582 1991; x_wconf 78' lang='lat' dir='ltr'>quattuor</span> 
     </span>
     <span class='ocr_line' id='line_1_16' title="bbox 795 2033 939 2073; baseline -0.007 0"><span class='ocrx_word' id='word_1_64' title='bbox 795 2033 939 2073; x_wconf 85' lang='lat' dir='ltr'>eum</span> 
     </span>
     <span class='ocr_line' id='line_1_17' title="bbox 616 2113 1714 2196; baseline -0.001 -21"><span class='ocrx_word' id='word_1_65' title='bbox 616 2121 835 2195; x_wconf 86' lang='lat' dir='ltr'>Aquae</span> <span class='ocrx_word' id='word_1_66' title='bbox 882 2116 1126 2195; x_wconf 78' lang='lat' dir='ltr'>tepidae</span> <span class='ocrx_word' id='word_1_67' title='bbox 1167 2116 1519 2196; x_wconf 46' lang='lat' dir='ltr'>,qrammatz&#39;s</span> <span class='ocrx_word' id='word_1_68' title='bbox 1564 2113 1714 2175; x_wconf 79' lang='lat' dir='ltr'>mille</span> 
     </span>
     <span class='ocr_line' id='line_1_18' title="bbox 442 2215 1575 2299; baseline -0.004 -20"><span class='ocrx_word' id='word_1_69' title='bbox 442 2219 839 2299; x_wconf 86' lang='lat' dir='ltr'>aliquamdiu</span> <span class='ocrx_word' id='word_1_70' title='bbox 887 2226 1342 2297; x_wconf 78' lang='lat' dir='ltr'>conquassatas</span> <span class='ocrx_word' id='word_1_71' title='bbox 1388 2215 1575 2276; x_wconf 89' lang='lat' dir='ltr'>filtra.</span> 
     </span>
     <span class='ocr_line' id='line_1_19' title="bbox 529 2320 961 2401; baseline -0.007 -19"><span class='ocrx_word' id='word_1_72' title='bbox 529 2321 627 2383; x_wconf 87' lang='lat' dir='ltr'>Sit</span> <span class='ocrx_word' id='word_1_73' title='bbox 670 2320 961 2401; x_wconf 86' lang='lat' dir='ltr'>limpida.</span> 
     </span>
    </p>
   </div>
   <div class='ocr_carea' id='block_1_8' title="bbox 933 2393 1964 2547">
    <p class='ocr_par' dir='ltr' id='par_1_11' title="bbox 933 2393 1964 2547">
     <span class='ocr_line' id='line_1_20' title="bbox 933 2393 1964 2547; baseline 0 -27"><span class='ocrx_word' id='word_1_74' title='bbox 933 2393 1455 2547; x_wconf 74' lang='lat' dir='ltr'>Argentum</span> <span class='ocrx_word' id='word_1_75' title='bbox 1514 2435 1964 2521; x_wconf 83' lang='lat' dir='ltr'>foliatum.</span> 
     </span>
    </p>
   </div>
   <div class='ocr_carea' id='block_1_9' title="bbox 440 2583 2466 3074">
    <p class='ocr_par' dir='ltr' id='par_1_12' title="bbox 440 2583 2466 3074">
     <span class='ocr_line' id='line_1_21' title="bbox 527 2583 2466 2663; baseline 0.001 -18"><span class='ocrx_word' id='word_1_76' title='bbox 527 2584 849 2645; x_wconf 87' lang='lat' dir='ltr'>Lamellae</span> <span class='ocrx_word' id='word_1_77' title='bbox 923 2590 1146 2643; x_wconf 82' lang='lat' dir='ltr'>tenues</span> <span class='ocrx_word' id='word_1_78' title='bbox 1223 2584 1448 2642; x_wconf 88' lang='lat' dir='ltr'>nitoris</span> <span class='ocrx_word' id='word_1_79' title='bbox 1519 2583 1788 2662; x_wconf 83' lang='lat' dir='ltr'>Argenti</span> <span class='ocrx_word' id='word_1_80' title='bbox 1865 2584 2040 2663; x_wconf 84' lang='lat' dir='ltr'>puri3</span> <span class='ocrx_word' id='word_1_81' title='bbox 2126 2585 2194 2643; x_wconf 92' lang='lat' dir='ltr'>in</span> <span class='ocrx_word' id='word_1_82' title='bbox 2260 2583 2466 2646; x_wconf 85' lang='lat' dir='ltr'>Aeido</span> 
     </span>
     <span class='ocr_line' id='line_1_22' title="bbox 442 2685 2465 2766; baseline 0 -19"><span class='ocrx_word' id='word_1_83' title='bbox 442 2691 669 2747; x_wconf 86' lang='lat' dir='ltr'>nitrieo</span> <span class='ocrx_word' id='word_1_84' title='bbox 725 2688 807 2747; x_wconf 89' lang='lat' dir='ltr'>ad</span> <span class='ocrx_word' id='word_1_85' title='bbox 861 2687 1176 2765; x_wconf 89' lang='lat' dir='ltr'>liquorem</span> <span class='ocrx_word' id='word_1_86' title='bbox 1231 2685 1603 2765; x_wconf 83' lang='lat' dir='ltr'>limpidum,</span> <span class='ocrx_word' id='word_1_87' title='bbox 1672 2686 1901 2745; x_wconf 84' lang='lat' dir='ltr'>eoloris</span> <span class='ocrx_word' id='word_1_88' title='bbox 1959 2693 2282 2766; x_wconf 84' lang='lat' dir='ltr'>expertem</span> <span class='ocrx_word' id='word_1_89' title='bbox 2345 2688 2465 2747; x_wconf 86' lang='lat' dir='ltr'>sol-</span> 
     </span>
     <span class='ocr_line' id='line_1_23' title="bbox 440 2787 2463 2868; baseline 0 -19"><span class='ocrx_word' id='word_1_90' title='bbox 440 2796 703 2861; x_wconf 86' lang='lat' dir='ltr'>vuntur,</span> <span class='ocrx_word' id='word_1_91' title='bbox 771 2791 840 2848; x_wconf 92' lang='lat' dir='ltr'>in</span> <span class='ocrx_word' id='word_1_92' title='bbox 894 2807 1019 2868; x_wconf 92' lang='lat' dir='ltr'>quo</span> <span class='ocrx_word' id='word_1_93' title='bbox 1074 2787 1351 2847; x_wconf 78' lang='lat' dir='ltr'>Acidum</span> <span class='ocrx_word' id='word_1_94' title='bbox 1417 2787 2020 2867; x_wconf 75' lang='lat' dir='ltr'>hydroehlorieum,</span> <span class='ocrx_word' id='word_1_95' title='bbox 2045 2789 2463 2850; x_wconf 86' lang='lat' dir='ltr'>sedimentum</span> 
     </span>
     <span class='ocr_line' id='line_1_24' title="bbox 444 2889 2462 2964; baseline 0 -13"><span class='ocrx_word' id='word_1_96' title='bbox 444 2891 637 2951; x_wconf 73' lang='lat' dir='ltr'>efficit</span> <span class='ocrx_word' id='word_1_97' title='bbox 690 2890 937 2962; x_wconf 88' lang='lat' dir='ltr'>album,</span> <span class='ocrx_word' id='word_1_98' title='bbox 1004 2909 1357 2961; x_wconf 77' lang='lat' dir='ltr'>caseosum‚</span> <span class='ocrx_word' id='word_1_99' title='bbox 1420 2891 1487 2949; x_wconf 92' lang='lat' dir='ltr'>in</span> <span class='ocrx_word' id='word_1_100' title='bbox 1542 2889 1749 2950; x_wconf 82' lang='lat' dir='ltr'>Aeido</span> <span class='ocrx_word' id='word_1_101' title='bbox 1810 2892 2039 2950; x_wconf 84' lang='lat' dir='ltr'>nitrieo</span> <span class='ocrx_word' id='word_1_102' title='bbox 2101 2892 2462 2964; x_wconf 84' lang='lat' dir='ltr'>insolubile,</span> 
     </span>
     <span class='ocr_line' id='line_1_25' title="bbox 442 2991 2072 3074; baseline -0.001 -21"><span class='ocrx_word' id='word_1_103' title='bbox 442 2997 510 3054; x_wconf 88' lang='lat' dir='ltr'>in</span> <span class='ocrx_word' id='word_1_104' title='bbox 555 2994 830 3074; x_wconf 86' lang='lat' dir='ltr'>Liquore</span> <span class='ocrx_word' id='word_1_105' title='bbox 874 2991 1199 3053; x_wconf 83' lang='lat' dir='ltr'>Ammonii</span> <span class='ocrx_word' id='word_1_106' title='bbox 1247 2993 1506 3052; x_wconf 79' lang='lat' dir='ltr'>eaustiei</span> <span class='ocrx_word' id='word_1_107' title='bbox 1551 2991 1737 3052; x_wconf 75' lang='lat' dir='ltr'>facile</span> <span class='ocrx_word' id='word_1_108' title='bbox 1783 2992 2072 3052; x_wconf 85' lang='lat' dir='ltr'>solubile.</span> 
     </span>
    </p>
   </div>
   <div class='ocr_carea' id='block_1_10' title="bbox 925 3152 1965 3264">
    <p class='ocr_par' dir='ltr' id='par_1_13' title="bbox 925 3152 1965 3264">
     <span class='ocr_line' id='line_1_26' title="bbox 925 3152 1965 3264; baseline -0.002 -26"><span class='ocrx_word' id='word_1_109' title='bbox 925 3153 1445 3264; x_wconf 80' lang='lat' dir='ltr'>Argentum</span> <span class='ocrx_word' id='word_1_110' title='bbox 1504 3152 1965 3238; x_wconf 78' lang='lat' dir='ltr'>uitricum.</span> 
     </span>
    </p>
   </div>
   <div class='ocr_carea' id='block_1_11' title="bbox 445 3299 2458 3482">
    <p class='ocr_par' dir='ltr' id='par_1_14' title="bbox 445 3299 2458 3482">
     <span class='ocr_line' id='line_1_27' title="bbox 530 3299 2456 3380; baseline 0.001 -20"><span class='ocrx_word' id='word_1_111' title='bbox 530 3301 772 3360; x_wconf 81' lang='lat' dir='ltr'>Baeilla</span> <span class='ocrx_word' id='word_1_112' title='bbox 837 3299 1013 3370; x_wconf 83' lang='lat' dir='ltr'>alba,</span> <span class='ocrx_word' id='word_1_113' title='bbox 1085 3299 1293 3359; x_wconf 86' lang='lat' dir='ltr'>nitida</span> <span class='ocrx_word' id='word_1_114' title='bbox 1354 3299 1459 3357; x_wconf 86' lang='lat' dir='ltr'>Vel</span> <span class='ocrx_word' id='word_1_115' title='bbox 1516 3318 1548 3357; x_wconf 90' lang='lat' dir='ltr'>e</span> <span class='ocrx_word' id='word_1_116' title='bbox 1604 3301 1811 3378; x_wconf 81' lang='lat' dir='ltr'>griseo</span> <span class='ocrx_word' id='word_1_117' title='bbox 1869 3299 2048 3370; x_wconf 80' lang='lat' dir='ltr'>alba,</span> <span class='ocrx_word' id='word_1_118' title='bbox 2103 3301 2456 3380; x_wconf 88' lang='lat' dir='ltr'>liquabilia.</span> 
     </span>
     <span class='ocr_line' id='line_1_28' title="bbox 445 3400 2458 3482; baseline -0.001 -19"><span class='ocrx_word' id='word_1_119' title='bbox 445 3403 606 3463; x_wconf 84' lang='lat' dir='ltr'>Sunt</span> <span class='ocrx_word' id='word_1_120' title='bbox 627 3400 943 3461; x_wconf 75' lang='lat' dir='ltr'>fracturae</span> <span class='ocrx_word' id='word_1_121' title='bbox 967 3401 1331 3480; x_wconf 79' lang='lat' dir='ltr'>crystalline</span> <span class='ocrx_word' id='word_1_122' title='bbox 1354 3400 1671 3472; x_wconf 84' lang='lat' dir='ltr'>radiatae,</span> <span class='ocrx_word' id='word_1_123' title='bbox 1705 3403 1773 3460; x_wconf 93' lang='lat' dir='ltr'>in</span> <span class='ocrx_word' id='word_1_124' title='bbox 1797 3402 2021 3481; x_wconf 92' lang='lat' dir='ltr'>Aquae</span> <span class='ocrx_word' id='word_1_125' title='bbox 2030 3402 2309 3482; x_wconf 72' lang='lat' dir='ltr'>partibus</span> <span class='ocrx_word' id='word_1_126' title='bbox 2331 3402 2391 3481; x_wconf 83' lang='lat' dir='ltr'>O,</span> <span class='ocrx_word' id='word_1_127' title='bbox 2404 3409 2458 3475; x_wconf 89' lang='lat'>6,</span> 
     </span>
    </p>
   </div>
  </div>
 </body>
</html>
