2808 3996
1432 285 1580 355 130

499 467 696 548 partis
746 465 1045 525 dentibus
1093 465 1359 544 singulis
1402 465 1505 524 vel
1551 467 1743 525 ternis
1776 472 2042 537 serrata,
2091 466 2232 527 basi
2264 472 2514 550 penitus

502 568 764 629 cordata
808 560 1116 649 petiolum
1157 569 1644 648 amplectuntur.
1724 569 1772 628 F
1775 569 1940 629 lores
1974 569 2105 629 albi
2137 581 2514 633 structuram

500 672 782 732 familiae
822 671 1284 732 Cruoiferarum
1329 674 1655 752 propriam
1704 672 2032 745 exhibent,
2083 673 2365 735 siliculae
2405 680 2515 737 vix

480 777 888 837 'centimetrum
958 775 1255 836 dimidium
1316 776 1574 855 longae,
1647 795 1810 855 quae
1877 777 2127 856 petiolis
2194 779 2514 850 tenuibus,

500 881 854 941 centimetros
905 899 1086 939 umam
1142 878 1224 938 ad
1272 879 1388 940 duo
1435 880 1640 958 longis
1689 879 2064 952 adhaerent,
2128 882 2198 941 in
2248 890 2515 963 utroque

498 983 924 1043 loculamento
972 990 1282 1062 quaterna
1329 983 1570 1042 semina
1619 1002 1651 1042 e
1703 983 1898 1043 rubro
1945 982 2123 1043 fusca
2171 988 2512 1047 continent.

588 1086 806 1146 Herba
862 1085 1273 1146 Coohleariae
1335 1086 1488 1146 elisa
1544 1085 1806 1146 odorem
1868 1106 2102 1160 aorem,
2162 1089 2369 1168 qualis
2425 1099 2518 1151 est

501 1192 783 1271 Sinapis,
836 1189 1123 1261 exhalat,
1183 1191 1428 1270 saporis
1477 1198 1569 1250 est
1616 1192 1805 1262 aeriS,
1864 1191 2044 1262 salsi;
2102 1192 2399 1254 siccando
2457 1203 2518 1254 et

501 1294 715 1354 odoris
764 1301 824 1353 et
869 1295 1117 1374 saporis
1166 1313 1390 1373 expers
1435 1291 1523 1353 fit.

1166 1484 1496 1570 Herba
1557 1482 1854 1570 Conii.

587 1650 767 1709 Folia
801 1656 861 1708 et
894 1649 1287 1708 summitates
1318 1647 1632 1720 florenteS,
1677 1668 1841 1728 quae
1874 1649 2056 1709 offert
2088 1650 2356 1711 Conium
2386 1672 2518 1712 ma-

502 1754 797 1813 culatum.
898 1752 1077 1811 Folia
1124 1752 1642 1832 amplexieaulia,
1692 1750 1897 1811 forma
1944 1753 2071 1813 late
2119 1762 2336 1825 ovata,
2386 1755 2518 1815 lon-

503 1858 680 1935 giora
705 1875 899 1936 quam
923 1856 1258 1916 decimetros
1291 1856 1426 1932 duo,
1461 1856 1714 1935 petiolis
1747 1858 1919 1915 eavis
1953 1858 2201 1916 circiter
2235 1858 2518 1939 ejusdem

500 1959 922 2039 longitudinis
980 1959 1420 2029 adhaerentia,
1495 1967 1644 2019 sunt
1704 1961 2081 2039 tripinnata3
2146 1963 2519 2040 partitiones

501 2063 761 2123 ultimae
812 2070 1032 2123 tenues
1090 2071 1150 2122 et
1206 2062 1424 2122 dentes
1472 2065 1694 2123 serrati
1751 2071 1897 2123 sunt
1942 2064 2287 2124 rotundata
2342 2072 2403 2125 et
2452 2067 2519 2125 in

504 2186 769 2226 acumen
823 2166 1265 2226 brevissimum
1322 2168 1667 2225 scariosum
1726 2174 2079 2237 attenuata,
2146 2186 2272 2246 quo
2330 2170 2518 2228 etiam

503 2276 829 2349 segmenta
891 2268 1187 2328 foliorum
1241 2269 1690 2349 petiolatorum
1747 2269 1946 2329 multo
2006 2271 2322 2330 minorum
2376 2291 2518 2352 par-

505 2375 760 2452 ciusque
828 2374 1236 2452 pinnatorum
1304 2374 1746 2451 insigniuntur.
1863 2373 2087 2432 Petioli
2153 2383 2214 2434 et
2273 2373 2428 2434 folia
2488 2394 2521 2435 e

502 2476 693 2535 viridi
739 2476 986 2555 pallent
1037 2495 1423 2555 prorsusque
1471 2485 1616 2535 sunt
1656 2476 1865 2546 ealva;
1922 2478 2272 2537 insuaviter
2314 2478 2518 2538 Conii-

505 2599 657 2639 num
703 2579 1021 2650 redolent,
1070 2581 1443 2659 praesertim
1476 2581 1527 2638 si
1564 2599 1705 2638 eum
1738 2580 2006 2658 Liquore
2039 2581 2098 2639 N
2105 2583 2224 2640 atri
2258 2583 2518 2640 oaustiei

506 2691 822 2753 eontera83
880 2683 1126 2762 saporis
1168 2690 1313 2741 sunt
1358 2701 1665 2742 nauseose
1712 2682 1887 2753 salsi,
1938 2683 2285 2755 subamari,
2336 2685 2513 2743 aeris

594 2787 794 2845 Caute
840 2793 1139 2845 servetur.

854 2903 1045 2962 Dosis
1091 2903 1366 2963 maxima
1413 2904 1667 2982 singula
1711 2908 1831 2981 0,3.

854 3006 1045 3066 Dosis
1091 3006 1368 3066 maxima
1412 3027 1528 3086 pro
1576 3008 1676 3067 die
1723 3010 1841 3084 2,0.

1010 3197 1340 3283 Herba
1398 3199 2013 3312 Hyosoyami.

594 3359 774 3419 Folia
844 3367 905 3419 et
970 3360 1189 3440 petioli
1244 3359 1562 3432 florenteS,
1636 3381 1795 3441 quae
1844 3362 2025 3421 offert
2071 3365 2514 3442 Hyoscyamus

508 3464 708 3542 niger.
813 3462 992 3523 Folia
1037 3462 1341 3522 basilaria
1388 3463 1724 3527 decimetros
1769 3485 2083 3525 summum
2137 3471 2250 3526 tres
2301 3467 2514 3544 longa,
