<?xml version="1.0" encoding="UTF-8"?>
<!DOCTYPE html PUBLIC "-//W3C//DTD XHTML 1.0 Transitional//EN"
    "http://www.w3.org/TR/xhtml1/DTD/xhtml1-transitional.dtd">
<html xmlns="http://www.w3.org/1999/xhtml" xml:lang="en" lang="en">
 <head>
  <title>
</title>
<meta http-equiv="Content-Type" content="text/html;charset=utf-8" />
  <meta name='ocr-system' content='tesseract 3.04.00' />
  <meta name='ocr-capabilities' content='ocr_page ocr_carea ocr_par ocr_line ocrx_word'/>
</head>
<body>
  <div class='ocr_page' id='page_1' title='image "./pharmacopagerman00berluoft_0109.png"; bbox 0 0 2808 3996; ppageno 0'>
   <div class='ocr_carea' id='block_1_1' title="bbox 883 247 1904 542">
    <p class='ocr_par' dir='ltr' id='par_1_1' title="bbox 883 247 1904 542">
     <span class='ocr_line' id='line_1_1' title="bbox 1355 247 1450 318; baseline 0 0"><span class='ocrx_word' id='word_1_1' title='bbox 1355 247 1450 318; x_wconf 88' lang='grc'><strong>91</strong></span> 
     </span>
     <span class='ocr_line' id='line_1_2' title="bbox 883 423 1904 542; baseline 0.001 -34"><span class='ocrx_word' id='word_1_2' title='bbox 883 423 1439 509; x_wconf 77' lang='lat' dir='ltr'><strong>Extractum</strong></span> <span class='ocrx_word' id='word_1_3' title='bbox 1499 423 1904 542; x_wconf 87' lang='lat' dir='ltr'><strong>Helenii.</strong></span> 
     </span>
    </p>
   </div>
   <div class='ocr_carea' id='block_1_2' title="bbox 558 598 2410 1170">
    <p class='ocr_par' dir='ltr' id='par_1_2' title="bbox 561 598 2410 683">
     <span class='ocr_line' id='line_1_3' title="bbox 561 598 2410 683; baseline 0.003 -26"><span class='ocrx_word' id='word_1_4' title='bbox 561 598 819 658; x_wconf 77' lang='lat' dir='ltr'><strong>R-adieis</strong></span> <span class='ocrx_word' id='word_1_5' title='bbox 867 599 1116 659; x_wconf 86' lang='lat' dir='ltr'><strong>Heleuii</strong></span> <span class='ocrx_word' id='word_1_6' title='bbox 1151 606 1362 680; x_wconf 77' lang='lat' dir='ltr'><strong>partes</strong></span> <span class='ocrx_word' id='word_1_7' title='bbox 1401 602 1599 683; x_wconf 68' lang='lat' dir='ltr'><strong>viye&#39;nti</strong></span> <span class='ocrx_word' id='word_1_8' title='bbox 1633 649 2263 661; x_wconf 91' lang='grc'><strong>...............</strong></span> <span class='ocrx_word' id='word_1_9' title='bbox 2325 604 2410 662; x_wconf 82' lang='grc'><strong>20</strong></span> 
     </span>
    </p>

    <p class='ocr_par' dir='ltr' id='par_1_3' title="bbox 560 700 2410 863">
     <span class='ocr_line' id='line_1_4' title="bbox 560 700 2410 784; baseline 0.002 -25"><span class='ocrx_word' id='word_1_10' title='bbox 560 700 841 780; x_wconf 82' lang='lat' dir='ltr'><strong>Spiritus</strong></span> <span class='ocrx_word' id='word_1_11' title='bbox 875 702 1153 781; x_wconf 77' lang='lat' dir='ltr'><strong>partibus</strong></span> <span class='ocrx_word' id='word_1_12' title='bbox 1198 702 1595 784; x_wconf 71' lang='lat' dir='ltr'><strong>quadrayz&#39;ntcz</strong></span> <span class='ocrx_word' id='word_1_13' title='bbox 1635 751 2263 762; x_wconf 90' lang='grc'><strong>...............</strong></span> <span class='ocrx_word' id='word_1_14' title='bbox 2327 706 2410 763; x_wconf 92' lang='grc'><strong>40</strong></span> 
     </span>
     <span class='ocr_line' id='line_1_5' title="bbox 737 811 908 863; baseline 0 0"><span class='ocrx_word' id='word_1_15' title='bbox 737 811 799 863; x_wconf 92' lang='lat' dir='ltr'><strong>et</strong></span> <span class='ocrx_word' id='word_1_16' title='bbox 902 830 908 835; x_wconf 94' lang='lat'><strong>·</strong></span> 
     </span>
    </p>

    <p class='ocr_par' dir='ltr' id='par_1_4' title="bbox 558 906 2409 1170">
     <span class='ocr_line' id='line_1_6' title="bbox 558 906 2409 988; baseline 0.002 -24"><span class='ocrx_word' id='word_1_17' title='bbox 558 909 778 984; x_wconf 83' lang='lat' dir='ltr'><strong>Aquae</strong></span> <span class='ocrx_word' id='word_1_18' title='bbox 818 906 1098 986; x_wconf 76' lang='lat' dir='ltr'><strong>partibus</strong></span> <span class='ocrx_word' id='word_1_19' title='bbox 1142 908 1444 988; x_wconf 70' lang='lat' dir='ltr'><strong>sexayinta</strong></span> <span class='ocrx_word' id='word_1_20' title='bbox 1502 954 2263 966; x_wconf 88' lang='grc'><strong>..................</strong></span> <span class='ocrx_word' id='word_1_21' title='bbox 2327 911 2409 967; x_wconf 89' lang='grc'><strong>60</strong></span> 
     </span>
     <span class='ocr_line' id='line_1_7' title="bbox 734 1008 2250 1089; baseline 0.001 -23"><span class='ocrx_word' id='word_1_22' title='bbox 734 1009 899 1067; x_wconf 92' lang='lat' dir='ltr'><strong>inter</strong></span> <span class='ocrx_word' id='word_1_23' title='bbox 945 1027 1012 1068; x_wconf 93' lang='lat' dir='ltr'><strong>se</strong></span> <span class='ocrx_word' id='word_1_24' title='bbox 1059 1010 1276 1068; x_wconf 77' lang='lat' dir='ltr'><strong>mixtis</strong></span> <span class='ocrx_word' id='word_1_25' title='bbox 1323 1028 1437 1089; x_wconf 88' lang='lat' dir='ltr'><strong>per</strong></span> <span class='ocrx_word' id='word_1_26' title='bbox 1470 1008 1665 1068; x_wconf 86' lang='lat' dir='ltr'><strong>horas</strong></span> <span class='ocrx_word' id='word_1_27' title='bbox 1689 1010 1916 1087; x_wconf 81' lang='lat' dir='ltr'><strong>viginti</strong></span> <span class='ocrx_word' id='word_1_28' title='bbox 1949 1017 2250 1087; x_wconf 83' lang='lat' dir='ltr'><strong>quattuor</strong></span> 
     </span>
     <span class='ocr_line' id='line_1_8' title="bbox 734 1129 1006 1170; baseline 0.004 -2"><span class='ocrx_word' id='word_1_29' title='bbox 734 1129 1006 1170; x_wconf 79' lang='lat' dir='ltr'><strong>macera.</strong></span> 
     </span>
    </p>
   </div>
   <div class='ocr_carea' id='block_1_3' title="bbox 732 1211 2253 1386">
    <p class='ocr_par' dir='ltr' id='par_1_5' title="bbox 732 1211 2253 1386">
     <span class='ocr_line' id='line_1_9' title="bbox 822 1211 2253 1293; baseline 0.001 -21"><span class='ocrx_word' id='word_1_30' title='bbox 822 1211 1064 1287; x_wconf 83' lang='lat' dir='ltr'><strong>Quibus</strong></span> <span class='ocrx_word' id='word_1_31' title='bbox 1123 1214 1468 1293; x_wconf 80' lang='lat' dir='ltr'><strong>expressis,</strong></span> <span class='ocrx_word' id='word_1_32' title='bbox 1533 1212 1631 1284; x_wconf 90' lang='lat' dir='ltr'><strong>id,</strong></span> <span class='ocrx_word' id='word_1_33' title='bbox 1698 1212 1871 1292; x_wconf 91' lang='lat' dir='ltr'><strong>quod</strong></span> <span class='ocrx_word' id='word_1_34' title='bbox 1936 1214 2253 1285; x_wconf 82' lang='lat' dir='ltr'><strong>restiterit,</strong></span> 
     </span>
     <span class='ocr_line' id='line_1_10' title="bbox 732 1316 1151 1386; baseline 0.002 -13"><span class='ocrx_word' id='word_1_35' title='bbox 732 1316 1066 1386; x_wconf 77' lang='lat' dir='ltr'><strong>mixtione,</strong></span> <span class='ocrx_word' id='word_1_36' title='bbox 1117 1335 1151 1374; x_wconf 90' lang='lat' dir='ltr'><strong>e</strong></span> 
     </span>
    </p>
   </div>
   <div class='ocr_carea' id='block_1_4' title="bbox 556 1416 2408 1704">
    <p class='ocr_par' dir='ltr' id='par_1_6' title="bbox 556 1416 2408 1704">
     <span class='ocr_line' id='line_1_11' title="bbox 556 1416 2408 1499; baseline 0.001 -22"><span class='ocrx_word' id='word_1_37' title='bbox 556 1416 839 1496; x_wconf 84' lang='lat' dir='ltr'><strong>Spiritus</strong></span> <span class='ocrx_word' id='word_1_38' title='bbox 874 1416 1150 1496; x_wconf 76' lang='lat' dir='ltr'><strong>partibus</strong></span> <span class='ocrx_word' id='word_1_39' title='bbox 1196 1419 1395 1499; x_wconf 56' lang='lat' dir='ltr'><strong>viginti</strong></span> <span class='ocrx_word' id='word_1_40' title='bbox 1452 1466 2261 1477; x_wconf 91' lang='grc'><strong>...................</strong></span> <span class='ocrx_word' id='word_1_41' title='bbox 2323 1420 2408 1478; x_wconf 82' lang='grc'><strong>20</strong></span> 
     </span>
     <span class='ocr_line' id='line_1_12' title="bbox 733 1527 795 1580; baseline 0.016 -1"><span class='ocrx_word' id='word_1_42' title='bbox 733 1527 795 1580; x_wconf 90' lang='lat' dir='ltr'><strong>et</strong></span> 
     </span>
     <span class='ocr_line' id='line_1_13' title="bbox 557 1606 2408 1704; baseline 0.002 -24"><span class='ocrx_word' id='word_1_43' title='bbox 557 1626 777 1701; x_wconf 85' lang='lat' dir='ltr'><strong>Aquae</strong></span> <span class='ocrx_word' id='word_1_44' title='bbox 809 1621 1089 1701; x_wconf 74' lang='lat' dir='ltr'><strong>partibus</strong></span> <span class='ocrx_word' id='word_1_45' title='bbox 1134 1623 1370 1704; x_wconf 69' lang='lat' dir='ltr'><strong>triyz&#39;nta</strong></span> <span class='ocrx_word' id='word_1_46' title='bbox 1411 1671 1731 1681; x_wconf 92' lang='grc'><strong>........</strong></span> <span class='ocrx_word' id='word_1_47' title='bbox 1749 1606 1754 1613; x_wconf 55' lang='grc'><em>’</em></span> <span class='ocrx_word' id='word_1_48' title='bbox 1765 1671 2262 1681; x_wconf 91' lang='grc'><strong>............</strong></span> <span class='ocrx_word' id='word_1_49' title='bbox 2326 1625 2408 1683; x_wconf 87' lang='grc'><strong>30</strong></span> 
     </span>
    </p>
   </div>
   <div class='ocr_carea' id='block_1_5' title="bbox 381 1725 2407 2111">
    <p class='ocr_par' dir='ltr' id='par_1_7' title="bbox 381 1725 2407 2111">
     <span class='ocr_line' id='line_1_14' title="bbox 382 1725 2404 1804; baseline 0 -22"><span class='ocrx_word' id='word_1_50' title='bbox 382 1725 763 1803; x_wconf 79' lang='lat' dir='ltr'><strong>composita,</strong></span> <span class='ocrx_word' id='word_1_51' title='bbox 821 1743 935 1803; x_wconf 87' lang='lat' dir='ltr'><strong>per</strong></span> <span class='ocrx_word' id='word_1_52' title='bbox 988 1725 1183 1783; x_wconf 84' lang='lat' dir='ltr'><strong>horas</strong></span> <span class='ocrx_word' id='word_1_53' title='bbox 1236 1726 1467 1803; x_wconf 80' lang='lat' dir='ltr'><strong>viginti</strong></span> <span class='ocrx_word' id='word_1_54' title='bbox 1514 1733 1814 1804; x_wconf 83' lang='lat' dir='ltr'><strong>quattuor</strong></span> <span class='ocrx_word' id='word_1_55' title='bbox 1861 1726 2088 1784; x_wconf 87' lang='lat' dir='ltr'><strong>iterum</strong></span> <span class='ocrx_word' id='word_1_56' title='bbox 2138 1744 2404 1783; x_wconf 76' lang='lat' dir='ltr'><strong>macera.</strong></span> 
     </span>
     <span class='ocr_line' id='line_1_15' title="bbox 468 1825 2407 1907; baseline 0.001 -23"><span class='ocrx_word' id='word_1_57' title='bbox 468 1825 771 1904; x_wconf 89' lang='lat' dir='ltr'><strong>Liquores</strong></span> <span class='ocrx_word' id='word_1_58' title='bbox 836 1827 1253 1906; x_wconf 89' lang='lat' dir='ltr'><strong>exprimendo</strong></span> <span class='ocrx_word' id='word_1_59' title='bbox 1312 1827 1566 1887; x_wconf 77' lang='lat' dir='ltr'><strong>effectos</strong></span> <span class='ocrx_word' id='word_1_60' title='bbox 1624 1829 1817 1887; x_wconf 73' lang='lat' dir='ltr'><strong>misce</strong></span> <span class='ocrx_word' id='word_1_61' title='bbox 1875 1836 1935 1887; x_wconf 89' lang='lat' dir='ltr'><strong>et</strong></span> <span class='ocrx_word' id='word_1_62' title='bbox 1998 1826 2407 1907; x_wconf 79' lang='lat' dir='ltr'><strong>evaporando</strong></span> 
     </span>
     <span class='ocr_line' id='line_1_16' title="bbox 381 1927 1497 2008; baseline 0 -20"><span class='ocrx_word' id='word_1_63' title='bbox 381 1927 465 1988; x_wconf 85' lang='lat' dir='ltr'><strong>ad</strong></span> <span class='ocrx_word' id='word_1_64' title='bbox 514 1928 887 1988; x_wconf 79' lang='lat' dir='ltr'><strong>Extractum</strong></span> <span class='ocrx_word' id='word_1_65' title='bbox 936 1929 1213 2008; x_wconf 87' lang='lat' dir='ltr'><strong>spissum</strong></span> <span class='ocrx_word' id='word_1_66' title='bbox 1258 1929 1497 2008; x_wconf 84' lang='lat' dir='ltr'><strong>redige.</strong></span> 
     </span>
     <span class='ocr_line' id='line_1_17' title="bbox 468 2029 1866 2111; baseline -0.001 -20"><span class='ocrx_word' id='word_1_67' title='bbox 468 2029 566 2091; x_wconf 86' lang='lat' dir='ltr'><strong>Sit</strong></span> <span class='ocrx_word' id='word_1_68' title='bbox 610 2030 876 2102; x_wconf 81' lang='lat' dir='ltr'><strong>fuscum,</strong></span> <span class='ocrx_word' id='word_1_69' title='bbox 925 2033 993 2090; x_wconf 90' lang='lat' dir='ltr'><strong>in</strong></span> <span class='ocrx_word' id='word_1_70' title='bbox 1039 2033 1228 2111; x_wconf 85' lang='lat' dir='ltr'><strong>Aqua</strong></span> <span class='ocrx_word' id='word_1_71' title='bbox 1272 2031 1531 2091; x_wconf 89' lang='lat' dir='ltr'><strong>turbide</strong></span> <span class='ocrx_word' id='word_1_72' title='bbox 1578 2031 1866 2091; x_wconf 88' lang='lat' dir='ltr'><strong>solubile.</strong></span> 
     </span>
    </p>
   </div>
   <div class='ocr_carea' id='block_1_6' title="bbox 770 2382 2008 2497">
    <p class='ocr_par' dir='ltr' id='par_1_8' title="bbox 770 2382 2008 2497">
     <span class='ocr_line' id='line_1_18' title="bbox 770 2382 2008 2497; baseline -0.002 -28"><span class='ocrx_word' id='word_1_73' title='bbox 770 2383 1327 2470; x_wconf 79' lang='lat' dir='ltr'><strong>Extractum</strong></span> <span class='ocrx_word' id='word_1_74' title='bbox 1387 2382 2008 2497; x_wconf 84' lang='lat' dir='ltr'><strong>Hyoseyami.</strong></span> 
     </span>
    </p>
   </div>
   <div class='ocr_carea' id='block_1_7' title="bbox 558 2574 2401 3556">
    <p class='ocr_par' dir='ltr' id='par_1_9' title="bbox 558 2574 2401 3556">
     <span class='ocr_line' id='line_1_19' title="bbox 559 2574 2252 2654; baseline 0.001 -21"><span class='ocrx_word' id='word_1_75' title='bbox 559 2575 808 2634; x_wconf 78' lang='lat' dir='ltr'><strong>Herbae</strong></span> <span class='ocrx_word' id='word_1_76' title='bbox 837 2575 1225 2654; x_wconf 78' lang='lat' dir='ltr'><strong>llyoseyami</strong></span> <span class='ocrx_word' id='word_1_77' title='bbox 1255 2575 1522 2635; x_wconf 81' lang='lat' dir='ltr'><strong>recentis</strong></span> <span class='ocrx_word' id='word_1_78' title='bbox 1548 2581 1607 2634; x_wconf 79' lang='lat' dir='ltr'><strong>et</strong></span> <span class='ocrx_word' id='word_1_79' title='bbox 1640 2574 2027 2634; x_wconf 78' lang='lat' dir='ltr'><strong>floreseenlis</strong></span> <span class='ocrx_word' id='word_1_80' title='bbox 2047 2580 2252 2653; x_wconf 74' lang='lat' dir='ltr'><strong>partes</strong></span> 
     </span>
     <span class='ocr_line' id='line_1_20' title="bbox 1436 2679 2401 2760; baseline -0.003 -23"><span class='ocrx_word' id='word_1_81' title='bbox 1436 2679 1632 2760; x_wconf 63' lang='lat' dir='ltr'><strong>vzye&#39;vtt&#39;</strong></span> <span class='ocrx_word' id='word_1_82' title='bbox 1654 2725 2236 2736; x_wconf 91' lang='grc'><strong>..............</strong></span> <span class='ocrx_word' id='word_1_83' title='bbox 2299 2679 2401 2735; x_wconf 80' lang='grc'><strong>20.</strong></span> 
     </span>
     <span class='ocr_line' id='line_1_21' title="bbox 558 2782 2372 2858; baseline -0.002 -19"><span class='ocrx_word' id='word_1_84' title='bbox 558 2782 776 2858; x_wconf 80' lang='lat' dir='ltr'><strong>Aquae</strong></span> <span class='ocrx_word' id='word_1_85' title='bbox 808 2785 989 2858; x_wconf 80' lang='lat' dir='ltr'><strong>parte</strong></span> <span class='ocrx_word' id='word_1_86' title='bbox 1030 2800 1151 2841; x_wconf 78' lang='lat' dir='ltr'><strong>una</strong></span> <span class='ocrx_word' id='word_1_87' title='bbox 1169 2826 2236 2839; x_wconf 86' lang='lat'><strong>.........................</strong></span> <span class='ocrx_word' id='word_1_88' title='bbox 2349 2783 2372 2836; x_wconf 96' lang='lat' dir='ltr'>l</span> 
     </span>
     <span class='ocr_line' id='line_1_22' title="bbox 734 2880 2249 2961; baseline -0.001 -23"><span class='ocrx_word' id='word_1_89' title='bbox 734 2900 1135 2961; x_wconf 67' lang='lat' dir='ltr'><strong>conspersaS,</strong></span> <span class='ocrx_word' id='word_1_90' title='bbox 1190 2884 1249 2940; x_wconf 83' lang='lat' dir='ltr'><strong>in</strong></span> <span class='ocrx_word' id='word_1_91' title='bbox 1296 2884 1595 2940; x_wconf 65' lang='lat' dir='ltr'><strong>numm-io</strong></span> <span class='ocrx_word' id='word_1_92' title='bbox 1640 2881 1893 2959; x_wconf 75' lang='lat' dir='ltr'><strong>lapideo</strong></span> <span class='ocrx_word' id='word_1_93' title='bbox 1929 2880 2249 2938; x_wconf 76' lang='lat' dir='ltr'><strong>contunde</strong></span> 
     </span>
     <span class='ocr_line' id='line_1_23' title="bbox 735 2983 1674 3062; baseline 0.001 -22"><span class='ocrx_word' id='word_1_94' title='bbox 735 2993 796 3041; x_wconf 87' lang='lat' dir='ltr'><strong>et</strong></span> <span class='ocrx_word' id='word_1_95' title='bbox 843 2985 1146 3062; x_wconf 81' lang='lat' dir='ltr'><strong>exprime.</strong></span> <span class='ocrx_word' id='word_1_96' title='bbox 1243 2983 1423 3058; x_wconf 73' lang='lat' dir='ltr'><strong>Quod</strong></span> <span class='ocrx_word' id='word_1_97' title='bbox 1479 2983 1674 3052; x_wconf 71' lang='lat' dir='ltr'><strong>idom,</strong></span> 
     </span>
     <span class='ocr_line' id='line_1_24' title="bbox 559 3085 2379 3163; baseline -0.002 -19"><span class='ocrx_word' id='word_1_98' title='bbox 559 3088 775 3163; x_wconf 67' lang='lat' dir='ltr'><strong>Aquae·</strong></span> <span class='ocrx_word' id='word_1_99' title='bbox 812 3085 1085 3163; x_wconf 66' lang='lat' dir='ltr'><strong>partibus</strong></span> <span class='ocrx_word' id='word_1_100' title='bbox 1135 3085 1316 3145; x_wconf 62' lang='lat' dir='ltr'><strong>tribus</strong></span> <span class='ocrx_word' id='word_1_101' title='bbox 1345 3131 2235 3143; x_wconf 90' lang='grc'><strong>.....................</strong></span> <span class='ocrx_word' id='word_1_102' title='bbox 2342 3086 2379 3141; x_wconf 82' lang='grc'><strong><em>3</em></strong></span> 
     </span>
     <span class='ocr_line' id='line_1_25' title="bbox 735 3183 2245 3264; baseline -0.002 -19"><span class='ocrx_word' id='word_1_103' title='bbox 735 3185 1002 3255; x_wconf 58' lang='lat' dir='ltr'><strong>addim,</strong></span> <span class='ocrx_word' id='word_1_104' title='bbox 1053 3187 1228 3245; x_wconf 81' lang='lat' dir='ltr'><strong>itera.</strong></span> <span class='ocrx_word' id='word_1_105' title='bbox 1310 3186 1615 3264; x_wconf 61' lang='lat' dir='ltr'><strong>Liquores</strong></span> <span class='ocrx_word' id='word_1_106' title='bbox 1650 3188 2023 3244; x_wconf 69' lang='lat' dir='ltr'><strong>commixtos</strong></span> <span class='ocrx_word' id='word_1_107' title='bbox 2064 3193 2124 3242; x_wconf 70' lang='lat' dir='ltr'><strong>vt</strong></span> <span class='ocrx_word' id='word_1_108' title='bbox 2166 3183 2245 3242; x_wconf 83' lang='lat' dir='ltr'><strong>ad</strong></span> 
     </span>
     <span class='ocr_line' id='line_1_26' title="bbox 735 3285 2326 3365; baseline -0.003 -17"><span class='ocrx_word' id='word_1_109' title='bbox 735 3288 858 3348; x_wconf 77' lang='grc' dir='ltr'><strong>80Ο</strong></span> <span class='ocrx_word' id='word_1_110' title='bbox 913 3285 1251 3347; x_wconf 67' lang='lat' dir='ltr'><strong>calefactos</strong></span> <span class='ocrx_word' id='word_1_111' title='bbox 1307 3288 1471 3355; x_wconf 70' lang='lat' dir='ltr'><strong>vola,</strong></span> <span class='ocrx_word' id='word_1_112' title='bbox 1541 3287 1778 3344; x_wconf 67' lang='lat' dir='ltr'><strong>volutos</strong></span> <span class='ocrx_word' id='word_1_113' title='bbox 1837 3285 2247 3365; x_wconf 70' lang='lat' dir='ltr'><strong>evaporando</strong></span> <span class='ocrx_word' id='word_1_114' title='bbox 2316 3342 2326 3350; x_wconf 77' lang='grc'><strong>,</strong></span> 
     </span>
     <span class='ocr_line' id='line_1_27' title="bbox 735 3388 1765 3470; baseline -0.004 -20"><span class='ocrx_word' id='word_1_115' title='bbox 735 3388 816 3450; x_wconf 84' lang='lat' dir='ltr'><strong>ad</strong></span> <span class='ocrx_word' id='word_1_116' title='bbox 855 3395 1066 3470; x_wconf 78' lang='lat' dir='ltr'><strong>partes</strong></span> <span class='ocrx_word' id='word_1_117' title='bbox 1111 3389 1264 3449; x_wconf 78' lang='lat' dir='ltr'><strong>duas</strong></span> <span class='ocrx_word' id='word_1_118' title='bbox 1311 3388 1555 3465; x_wconf 69' lang='lat' dir='ltr'><strong>redige,</strong></span> <span class='ocrx_word' id='word_1_119' title='bbox 1605 3407 1765 3466; x_wconf 80' lang='lat' dir='ltr'><strong>quas</strong></span> 
     </span>
     <span class='ocr_line' id='line_1_28' title="bbox 1970 3513 2050 3556; baseline -0.013 0"><span class='ocrx_word' id='word_1_120' title='bbox 1970 3513 2050 3556; x_wconf 79' lang='lat'><strong>12·</strong></span> 
     </span>
    </p>
   </div>
  </div>
 </body>
</html>
