2808 3996
1164 240 1168 242 ’
1285 233 1434 305 105

356 412 622 492 Argenti
666 411 877 472 nitrici
925 411 987 488 (1
1009 437 1083 465 =
1102 411 1168 488 2)
1215 412 1616 473 humectatae
1671 414 1886 474 statim
1933 414 2204 475 colorem
2249 436 2366 476 nec

356 515 592 575 flavum
653 534 772 574 nec
824 513 1071 574 fuscum
1132 513 1407 575 inducat.
1508 514 1611 587 Id,
1674 515 1851 595 quod
1905 535 2038 577 non
2092 518 2367 579 solutum

354 618 676 688 restiterit,
724 636 805 676 ne
850 618 931 677 sit
973 616 1119 696 plus
1164 635 1359 697 quam
1399 622 1801 699 yrammatum
1847 616 2014 696 0,02.

446 720 794 781 Grammata
823 717 957 797 0,3‚
1005 738 1170 798 quae
1216 739 1360 779 cum
1399 722 1751 802 yrammatz's
1795 722 2215 804 quinquaqinta
2255 724 2365 785 So-

354 824 610 884 lutionis
642 821 1046 903 Hydrargyri
1076 822 1441 894 bichlorati,
1493 826 1635 884 aere
1668 824 1947 896 excluse,
1996 844 2111 906 per
2141 827 2367 888 horam

354 946 546 987 unam
598 919 666 986 in
710 924 941 986 balneo
989 944 1191 1004 aquae
1238 925 1597 1005 digesseris,
1652 925 2027 1006 refrigerata
2073 928 2157 988 ad
2203 931 2366 990 centi-
2472 915 2476 919 ⁵

354 1035 567 1090 metros
621 1027 850 1090 cubieos
903 1033 1128 1089 centum
1180 1027 1367 1107 Aqua
1421 1028 1672 1109 supple;
1727 1048 1921 1108 quam
1976 1031 2364 1104 mixtionem,

354 1140 424 1192 ut
468 1130 785 1203 subsidat,
843 1149 1093 1211 sepone.
1187 1130 1478 1210 Liquoris
1531 1131 1783 1212 limpidi
1838 1134 2148 1194 centimetri
2189 1134 2373 1195 cubici

354 1235 551 1317 viyintz‘
591 1235 843 1316 quinque
871 1253 950 1292 ne
984 1234 1190 1293 minus
1222 1253 1416 1313 quam
1462 1235 1817 1296 centc'metros
1862 1234 2091 1297 cubices
2138 1238 2368 1319 triyz'nta

354 1343 481 1399 octo
534 1337 821 1416 Liquoris
876 1335 1044 1395 Kalii
1099 1337 1576 1415 permanganici
1629 1337 2024 1397 volumetrici
2078 1338 2161 1399 ad
2216 1359 2366 1421 oxy-

357 1440 681 1500 dationem
733 1442 1087 1519 requirant,
1146 1439 1208 1498 id
1256 1439 1430 1519 quod
1483 1441 1553 1500 in
1598 1445 1822 1502 centum
1853 1439 2129 1521 partibus
2175 1441 2324 1520 89,7
2333 1448 2368 1499 5

354 1543 529 1622 Ferri
574 1542 874 1604 metallici
916 1541 1283 1622 respondet.

689 1777 1089 1864 Ferrum
1149 1767 2024 1888 sesquichloratum.

440 1941 731 2022 Liquoris
775 1939 951 2000 Ferri
997 1940 1481 2019 sesquichlorati
1513 1939 1790 2021 partibus
1834 1940 1983 2002 mille
2028 1942 2094 2000 in
2139 1941 2367 2002 balneo

356 2063 560 2124 aquae
614 2043 698 2104 ad
740 2048 950 2123 partes
995 2043 1451 2125 quadre'nyentas
1497 2044 1784 2124 octoqinta
1829 2049 1943 2104 tres
1989 2047 2364 2124 evaporatis,

354 2147 442 2217 id,
490 2145 664 2227 quod
710 2146 1024 2216 restiterit,
1075 2146 1140 2204 in
1179 2147 1398 2225 patina
1435 2153 1602 2205 tecta
1633 2146 1774 2206 loco
1806 2144 2043 2226 frigido
2076 2148 2368 2228 siccoque

356 2269 616 2330 sepone,
667 2248 868 2309 donec
913 2248 1104 2328 plane
1152 2247 1526 2325 rigefactum
1575 2249 1708 2308 erit.

443 2352 651 2412 Massa
703 2350 896 2421 flava,
962 2350 1356 2430 crystallina,
1415 2352 1607 2422 sicca,
1667 2354 1810 2411 aere
1865 2351 2132 2412 humido
2186 2352 2367 2413 brevi

356 2464 640 2535 tempore
688 2451 1008 2524 diffluens,
1060 2453 1184 2512 leni
1218 2453 1425 2513 calore
1456 2453 1828 2533 liquescens,
1877 2456 1943 2514 in
1973 2455 2179 2535 Aqua,
2229 2455 2366 2536 Spi-

354 2558 506 2629 ritu,
557 2557 831 2617 Aethere
877 2555 1183 2616 solubilis.

442 2659 702 2719 Ferrum
741 2658 1330 2738 sesquichloratum,
1381 2661 1444 2719 in
1474 2659 1747 2740 partibus
1778 2660 2116 2743 aequalibus
2147 2661 2367 2741 Aquae

357 2762 651 2839 solutum,
701 2760 923 2822 eadem
969 2763 1243 2842 puritate
1304 2763 1411 2832 sit,
1460 2781 1587 2843 qua
1632 2762 1866 2843 Liquor
1911 2764 2084 2824 Ferri
2132 2766 2365 2845 sesqui-

359 2865 646 2925 chlorati.

847 3022 1244 3111 Ferrum
1307 3025 1876 3112 sulfuricum.

446 3184 563 3246 Fili
614 3184 796 3246 ferrei
848 3187 988 3265 puri
1021 3192 1229 3266 partes
1275 3187 1427 3248 duas
1459 3187 1845 3266 supcrsundc
1885 3187 2155 3267 partibus
2186 3189 2364 3249 tribus

362 3288 540 3349 Acidi
591 3287 872 3348 sulfurici
930 3296 991 3348 et
1043 3294 1168 3350 octo
1215 3289 1437 3369 Aquae
1494 3291 1654 3349 inter
1715 3310 1779 3348 se
1837 3293 2065 3349 mixtis.
2162 3292 2359 3365 Quam

361 3390 737 3451 solutionem
802 3390 1015 3451 adhuc
1077 3390 1409 3462 calentem,
1482 3392 1860 3470 simulatque
1925 3380 2172 3451 emissio
2227 3395 2356 3469 gasi

1966 3521 2012 3563 14
