2808 3996
1398 282 1446 351 8

663 456 1062 543 Acidum
1123 458 1701 543 carbolioum
1763 459 2176 544 crudum.

501 635 735 713 Liquor
780 634 1105 695 subflavus
1135 635 1240 694 vel
1273 656 1304 694 e
1334 633 1502 694 flavo
1543 633 1782 707 fuscus,
1829 635 2164 716 limpidus,
2214 637 2428 698 odoris

411 739 756 797 insuaviter
783 740 1329 818 empyreumatioi,
1356 738 1660 798 neutralis
1675 786 1689 810 ,
1716 739 1785 797 in
1804 738 1989 818 Aqua
2014 738 2191 799 haud
2215 739 2425 820 plane,

410 839 594 899 faeile
648 842 714 899 in
769 840 1009 921 Spiritu
1079 849 1139 901 et
1193 841 1470 901 Aethere
1531 840 1848 912 solubiliS,
1922 861 2089 921 aqua
2149 844 2424 921 gravior.

497 942 690 1024 Cujus
722 942 910 1003 Aeidi
948 942 1242 1004 volumina
1273 944 1494 1015 decem,
1545 945 1598 1003 si
1641 963 1784 1003 eum
1821 942 2208 1006 voluminibus
2247 965 2426 1006 nona-

404 1048 568 1127 qima
621 1047 960 1118 mixturae,
1013 1067 1090 1106 ex
1131 1046 1408 1127 partibus
1439 1047 1708 1127 pondere
1753 1046 2092 1128 aequalibus
2137 1047 2428 1127 Liquoris

408 1149 594 1208 Natri
613 1151 871 1209 oaustiei
891 1157 952 1209 et
962 1150 1185 1229 Aquae
1205 1151 1612 1230 compositae,
1629 1152 2171 1229 conquassaveris,
2190 1150 2428 1211 residui

408 1252 637 1331 liquidi
685 1260 793 1312 aut
840 1251 1228 1333 semiliquidi
1272 1273 1354 1312 ne
1399 1253 1545 1333 plus
1578 1272 1770 1332 quam
1810 1252 2074 1314 volumen
2113 1274 2295 1315 unum
2334 1274 2425 1313 re-

408 1356 716 1435 linquant.
789 1356 847 1415 A
882 1375 1007 1435 quo
1039 1356 1251 1435 liquor
1284 1356 1593 1416 alcalinus
1625 1357 1872 1416 ratione
1904 1363 2055 1437 apta
2095 1364 2427 1436 separatus

409 1466 469 1517 et
537 1478 679 1518 eum
740 1459 944 1519 Aoido
1007 1458 1306 1519 sulfurieo
1372 1459 1575 1519 diluto
1639 1479 1839 1540 usque
1903 1459 1988 1520 ad
2041 1461 2426 1520 reaotionem

407 1561 775 1641 peraeidam
846 1563 1252 1634 commixtUS,
1326 1562 1535 1622 oleum
1591 1561 1953 1623 subflavum
2005 1563 2109 1622 vel
2172 1583 2205 1623 e
2255 1562 2425 1624 flavo

407 1662 652 1724 fuse-um
701 1666 1006 1745 expellat,
1058 1665 1229 1745 quod
1277 1668 1626 1726 reaetiones
1664 1665 1853 1727 Aeidi
1901 1667 2197 1726 carbolioi
2244 1684 2425 1747 prae-

405 1767 555 1828 beat
601 1775 662 1828 et
701 1770 767 1827 in
799 1768 1024 1849 Aquae
1070 1768 1452 1831 voluminibus
1490 1771 1724 1852 trzyz'nta
1768 1788 1974 1851 paene
2013 1769 2284 1830 solubile
2323 1770 2420 1830 sit.

545 2033 947 2120 Acidum
1009 2034 1588 2120 carbolioum
1649 2034 2281 2145 liquefactum.
2343 2003 2346 2006 Δ

578 2212 757 2272 Acidi
803 2212 1099 2273 carbolici
1130 2218 1340 2293 partes
1386 2219 1610 2274 centum
1670 2261 2209 2273 .............
2299 2216 2422 2274 100

755 2323 816 2375 et

578 2423 796 2498 Aquae
831 2425 1040 2499 partes
1086 2419 1281 2480 decem
1321 2467 2211 2479 .....................
2343 2421 2422 2480 10

754 2524 963 2582 misce.

492 2625 729 2705 Liquor
774 2625 1099 2706 limpiduS,
1151 2625 1378 2686 eoloris
1428 2646 1673 2706 expers,
1717 2626 1989 2686 Acidum
2034 2625 2422 2685 carbolicum

403 2727 715 2801 redolens,
765 2730 831 2788 in
861 2729 1085 2809 Aquae
1126 2729 1396 2809 partibus
1443 2735 1569 2790 octo
1616 2735 1672 2789 et
1713 2730 1906 2790 decem
1946 2729 2211 2810 limpide
2257 2729 2421 2789 solu-

403 2831 570 2891 bilis.

489 2933 697 3015 Hujus
743 2936 1010 3016 liquoris
1053 2939 1378 3018 ‘qrammati
1420 2939 1524 2997 uni
1564 2943 1814 2996 tantum
1860 2934 2086 3015 Aquae
2145 2933 2419 3007 affunde,

402 3045 473 3097 ut
550 3037 683 3099 Ζᾶνα
758 3060 877 3100 zma
962 3040 1309 3120 expleatur.
1427 3039 1620 3120 Cujus
1690 3040 2019 3099 solutionis
2080 3059 2208 3098 non
2276 3039 2421 3118 plus

403 3161 596 3220 quam
658 3144 1015 3204 centimetros
1075 3143 1304 3204 cubicos
1364 3143 1520 3220 51,6
1573 3144 1658 3204 acl
1708 3142 1880 3219 52,6Υ
1917 3144 2200 3203 consumi
2255 3143 2446 3213 lieet,.

404 3253 474 3304 ut
505 3234 880 3305 adnectatur
911 3247 1233 3317 Bromum,
1277 3246 1451 3326 quod
1492 3249 1558 3305 in
1597 3248 1923 3317 mixtione,
1960 3247 2310 3325 composita
2343 3265 2420 3306 ex

405 3349 738 3409 centimetrz's
799 3349 1008 3410 cubicis
1079 3351 1498 3432 quzbzquczyem’s
1567 3349 1858 3430 Liquoris
1918 3349 2089 3408 Kalii
2150 3348 2418 3408 bromiei
2497 3402 2501 3406 .

403 3452 799 3510 volumetriei
826 3459 885 3511 et
908 3452 1197 3531 Liquoris
1222 3453 1393 3512 Kalii
1418 3452 1693 3512 bromati
1716 3453 2133 3523 volumetrioi,
2160 3450 2416 3521 secedit,
