2808 3996
5 2473 15 2482 ·
0 989 34 2429 ·<«·fwm-prwuquwWWW-v
19 935 25 937 ,
23 886 30 894 t

1311 240 1462 309 219

375 433 597 494 pressa
666 433 800 474 esse
869 414 1046 475 solet.
1153 415 1368 476 Radjx
1427 416 1764 492 ColombO,
1816 421 2091 499 ‘partibus
2151 425 2401 505 qm‘msne

376 516 600 595 Aquae
647 516 1008 596 superfusa,
1070 525 1423 578 extractum
1470 540 1904 599 peramarum,
1971 545 2002 581 e
2049 525 2217 585 flavo
2264 529 2398 606 pal-

374 618 620 677 lescens
691 617 898 678 efficit.
1014 619 1418 701 Microscopii
1492 643 1612 702 ope
1684 626 2137 704 contemplanti
2200 648 2401 706 grana

374 721 595 800 Amyli
642 721 821 781 haud
869 723 1104 800 exigua
1148 724 1216 783 in
1263 733 1677 804 conspectum
1725 726 1855 787 dat.

923 970 1246 1055 Radix
1309 970 1863 1061 Gentianae.

460 1131 774 1192 Radicum
814 1133 978 1190 rami
1026 1139 1087 1191 et
1131 1133 1512 1204 rhizomata,
1562 1154 1726 1213 quae
1775 1136 2046 1197 offerunt
2093 1140 2397 1199 Gentiana

370 1234 572 1309 lutea,
599 1233 913 1293 Gentiana
935 1235 1331 1311 Pannonica,
1367 1236 1678 1295 Gentiana
1709 1259 2057 1317 purpurea.
2093 1243 2401 1301 Gentiana

372 1341 700 1416 punctata,
764 1345 1033 1416 utraque
1090 1338 1467 1417 plerumque
1531 1359 1646 1418 per
1699 1341 2161 1419 longitudinem
2223 1344 2397 1415 fissa3

371 1441 661 1519 plantae,
711 1459 876 1518 quae
915 1442 1124 1519 primo
1157 1441 1299 1499 loco
1335 1442 1505 1501 dicta
1539 1450 1655 1513 est,
1705 1443 1893 1502 radix
1924 1445 2174 1522 longior
2205 1466 2397 1524 quam

372 1543 711 1602 decz'meh’os
740 1562 841 1602 sex
881 1544 1203 1622 superiore
1242 1551 1424 1623 parte
1464 1546 1821 1606 centimetros
1861 1548 2104 1606 circiter
2128 1555 2400 1629 quattuor

371 1666 580 1706 crassa
612 1653 729 1716 est,
780 1647 1132 1725 specierum
1175 1654 1527 1706 ceterarum
1565 1647 1813 1708 radices
1863 1651 2178 1709 tenuiores
2229 1661 2391 1710 suut.

372 1748 605 1809 Omnes
654 1755 802 1807 sunt
845 1748 1090 1821 fuscae,
1139 1768 1256 1829 per
1301 1749 1770 1828 longitudinem
1803 1753 2077 1810 maxime
2110 1772 2396 1829 rugosae,

372 1871 672 1931 suprema
715 1859 899 1931 parte
931 1853 1137 1929 magis
1171 1859 1530 1912 transverse
1565 1853 1936 1924 annulatae,
1986 1856 2396 1934 pluricip’ites,

369 1975 562 2034 parce
593 1974 913 2025 ramosae,
948 1953 1296 2014 fracturam
1327 1955 1706 2035 praebentes
1739 1957 2014 2027 laevem,
2048 1978 2165 2017 nec
2197 1960 2397 2035 ligno-

371 2077 508 2117 sam
554 2078 671 2116 nec
717 2056 1046 2127 fibi-osam,
1104 2058 1274 2116 intus
1323 2077 1356 2116 6
1401 2056 1579 2117 fusco
1635 2058 2013 2118 subrubram
2075 2069 2184 2119 aut
2231 2062 2397 2119 clare

370 2160 633 2220 fuscam.
742 2158 1014 2218 Radices
1078 2157 1428 2218 Gentianae
1489 2158 1796 2239 Amylum
1857 2181 1988 2220 non
2050 2164 2394 2234 continent;

370 2264 616 2343 saporis
662 2270 810 2322 sunt
853 2263 1191 2342 peramari.

989 2511 1312 2597 Radix
1372 2511 1780 2597 Helenii.

457 2675 715 2736 Radicis
746 2676 908 2734 rami
943 2681 1004 2734 et
1040 2674 1356 2745 rhizoma,
1401 2692 1565 2753 quae
1608 2674 1791 2733 offert
1826 2675 2008 2733 Inula
2042 2675 2392 2738 Helenium.

370 2777 497 2838 hoc
519 2778 782 2858 quidem
808 2778 976 2837 clare
1009 2778 1312 2855 griseum,
1347 2790 1478 2836 non
1505 2777 1984 2847 decorticatum,
2019 2778 2392 2856 plerumque

369 2900 485 2961 per
528 2879 999 2960 longitudinem
1046 2881 1384 2939 concisum.
1479 2877 1735 2938 Radicis
1782 2880 1939 2938 rami
1992 2898 2180 2957 saepe
2228 2880 2390 2937 (remf-

370 2988 585 3044 metros
607 2983 933 3065 quindecim
956 2982 1153 3062 longi,
1181 2983 1571 3043 centimetrum
1597 3001 1776 3039 mmm
1802 2986 1858 3039 et
1877 2981 2175 3039 dimidium
2202 2982 2387 3038 crassi

370 3092 534 3148 sunt.
576 3085 881 3146 Fractura
903 3085 1123 3156 laevis,
1149 3105 1278 3144 non
1303 3085 1581 3161 lignosa3
1608 3085 1673 3141 in
1699 3084 1946 3142 corticis
1970 3084 2098 3140 tela
2124 3102 2391 3155 magnae

369 3188 637 3249 lacunae
714 3186 1035 3258 oleiferac,
1114 3186 1430 3246 interdum
1513 3186 1697 3243 etiam
1779 3204 1926 3243 acus
1990 3184 2390 3260 crystallinae

370 3290 610 3351 nitidae
686 3290 1162 3369 dignoscuntur.
1281 3287 1513 3365 Amylo
1584 3285 1788 3344 Radix
1870 3286 2114 3344 'Helcnii
2190 3292 2388 3353 cai-em

371 3391 586 3452 odoris
627 3399 723 3452 est
759 3392 1119 3473 specialiter
1153 3390 1506 3456 aromatici,
1550 3389 1792 3467 saporis
1834 3387 2171 3445 subamari.

1954 3515 2038 3557 28.
