2808 3996
1368 283 1517 354 250

445 480 522 522 ex
567 461 691 522 hac
737 463 1076 535 solutione,
1127 463 1330 523 Acido
1370 462 1863 542 hydrochlorico
1911 463 2256 534 acidulata‚
2308 463 2448 525 effe-

443 566 598 625 ceris
668 573 728 625 et
781 567 1129 627 identidem
1189 568 1374 645 Aqua
1431 567 1682 635 elueris‚
1760 586 1893 625 non
1947 566 2247 624 siccatum
2307 587 2450 626 cum

442 669 610 747 copia
657 669 985 749 decemplici
1026 670 1358 729 solutionis
1405 669 1729 728 Ammonii
1776 667 2098 727 carbonici
2145 669 2199 743 (l
2239 695 2313 721 =
2347 670 2448 746 20)

443 782 911 849 conquassetur.
984 771 1084 843 Id,
1120 774 1293 852 quod
1326 775 1539 832 statim
1571 770 1872 832 filtrando
1907 771 2210 841 effeceriS‚
2247 770 2448 832 Acido

441 873 936 951 hydrochlorico
985 875 1401 946 aemulatum.
1450 877 1608 955 quin
1656 876 1846 934 etiam
1878 873 2066 954 Aqua
2110 872 2449 953 hydrosul-

440 974 647 1035 furata
695 977 940 1048 addita,
991 998 1069 1036 ne
1118 977 1432 1037 flavescat.

528 1078 585 1138 A
626 1080 764 1139 luce
809 1089 1121 1140 remotum
1167 1089 1466 1141 servetur.

721 1417 1116 1503 stibium
1178 1419 1734 1504 sulfuratum
1796 1417 2178 1530 nigrum.

527 1595 750 1655 Frusta
797 1616 828 1655 e
876 1597 1083 1675 griseo
1131 1599 1343 1676 nigra,
1391 1597 1636 1660 radiate
1684 1595 2084 1675 crystallina,
2147 1594 2450 1675 ponderis

440 1696 712 1777 specifici
761 1699 860 1769 4‚6
914 1699 996 1759 ad
1046 1700 1169 1770 4‚7.

526 1801 958 1872 Pulveratum‚
1008 1803 1061 1862 si
1088 1823 1227 1862 cum
1239 1803 1517 1882 partibus
1541 1804 1735 1863 decem
1759 1801 1941 1862 Acidi
1974 1801 2451 1881 hydrochlorici

442 1906 708 1973 coxeriS,
766 1905 1184 1984 Hydrogenio
1243 1906 1548 1966 sulfurato
1597 1905 1954 1976 secedente,
2011 1906 2100 1964 ita
2145 1905 2447 1975 solvatur,

440 2014 508 2065 ut
551 2007 786 2067 residui
834 2028 912 2067 ex
959 2014 1183 2069 centum
1223 2008 1496 2089 partibus
1539 2009 1858 2088 relinquat
1902 2008 2220 2070 dimidiam.

855 2346 1521 2461 Sti-ychninum
1581 2347 2040 2433 uitricum.

525 2522 694 2584 Acus
742 2526 1173 2603 crystallinae,
1232 2527 1457 2585 coloris
1506 2533 1819 2606 expertes,
1877 2545 2274 2605 peramarae3
2331 2525 2450 2585 sol-

438 2633 673 2686 vuntur
718 2628 783 2685 in
830 2626 1049 2706 Aquae
1096 2627 1367 2707 frigidae
1408 2628 1678 2708 partibus
1724 2629 2066 2710 nonaqinta,
2117 2629 2183 2687 in
2231 2627 2451 2705 Aquae

441 2729 802 2790 ebullientis
851 2730 1058 2806 tribus,
1106 2751 1309 2810 neque
1356 2752 1482 2791 non
1530 2734 1594 2790 in
1636 2732 1907 2811 Spiritus
1940 2730 2156 2810 frigidi
2175 2730 2451 2810 partibus

439 2835 825 2914 septuayinta,
886 2833 1245 2893 ebullientis
1302 2835 1568 2916 quinque.
1662 2835 2025 2894 Frustulum
2080 2833 2450 2913 Strychnini

440 2937 666 3007 uitrici,
715 2937 780 2995 in
817 2934 1091 2995 Acidum
1122 2935 1688 3015 hydrochloricum
1722 2937 2029 2996 ebulliens
2062 2938 2446 3007 immersum,

441 3038 592 3097 huic
625 3039 899 3098 colorem
932 3041 1322 3099 continenter
1366 3039 1630 3100 rubrum
1683 3040 1943 3101 inducit.

528 3141 981 3220 Strychninum
1027 3143 1353 3213 uitricum,
1405 3163 1546 3202 cum
1594 3143 1795 3203 Acido
1835 3144 2059 3203 nitrico
2093 3143 2447 3214 contritum,

443 3244 716 3303 colorem
769 3244 986 3304 trahat
1039 3243 1395 3304 subflavum
1453 3266 1656 3325 neque
1702 3266 1852 3306 vero
1900 3246 2179 3306 rubrum.
2273 3245 2451 3305 Idem

446 3346 643 3405 Acido
691 3346 989 3406 sulfurico
1035 3366 1165 3407 non
1219 3348 1553 3407 coloratur.
1670 3349 1766 3407 Ex
1835 3350 2143 3408 solutione
2214 3368 2452 3428 aquosa

443 3456 725 3508 saturata
780 3449 1145 3529 Strychnini
1198 3451 1407 3510 nitrici
1463 3451 1648 3511 Kalio
1712 3451 2031 3510 chromico
2079 3451 2451 3531 crystallula
