2808 3996
1381 255 1426 324 3

567 433 974 519 Acetum
1034 432 1748 546 pyrolignosum
1811 432 2222 518 crudum.

477 611 716 691 Liquor
762 609 994 682 fuscus,
1044 610 1257 670 Pieem
1288 610 1602 690 liquidam
1640 610 1935 690 idemque
1966 609 2235 670 Aeidum
2274 630 2408 670 aee-

390 717 584 776 tieum
647 714 965 785 redolens
1032 715 1277 794 saporis
1334 713 1501 773 acidi
1560 721 1620 773 et
1671 713 2021 785 subamari;
2092 714 2409 774 servando

393 819 783 880 substantias
831 817 965 876 Piei
1011 816 1298 896 liquidae
1345 817 1583 876 similes
1631 816 1923 877 demittit.

477 922 618 982 Hoc.
655 922 954 991 Acetum,
1009 919 1296 980 volumine
1326 919 1561 1002 aequali
1602 920 1826 999 Aquae
1861 919 2152 991 dilutum,
2201 919 2409 999 Baryo

392 1027 619 1087 nitrico
666 1026 779 1084 vix
824 1023 1133 1095 turbetur,
1182 1023 1371 1104 Aqua
1417 1022 1946 1103 hydrosulfurata
1991 1043 2070 1082 ne
2116 1032 2407 1083 mutetur.

393 1129 599 1192 Partes
646 1134 869 1189 centum
914 1147 997 1187 ne
1030 1129 1400 1188 contineant
1445 1127 1656 1187 minus
1689 1146 1881 1206 quam
1926 1147 2026 1187 sex
2058 1127 2243 1186 Aeidi
2277 1147 2411 1186 aee-

392 1234 526 1303 tici,
597 1239 669 1291 ut
723 1236 1067 1313 yrammata
1128 1231 1321 1291 decem
1366 1230 1550 1290 Aeeti
1605 1230 2007 1311 pyrolignosi
2056 1230 2234 1290 erudi
2281 1251 2407 1290 non

393 1337 602 1394 minus
635 1354 828 1414 quam
875 1336 1231 1394 centimetros
1276 1333 1505 1394 cubicas
1544 1333 1738 1394 decem
1769 1333 2060 1413 Liquoris
2091 1334 2261 1392 Kalii
2295 1334 2410 1413 hy·
2480 1320 2488 1326 ⁴

395 1437 554 1499 driei
598 1437 999 1497 volumetriei
1046 1436 1131 1496 ad
1179 1436 1595 1496 saturandum
1641 1438 1986 1516 requirant.

462 1742 868 1828 Acetum
928 1739 1643 1854 pyrolignosum
1704 1738 2353 1826 rectificatum.

483 1919 719 2000 Liquor
744 1918 973 1978 eoloris
999 1937 1227 1999 expers
1245 1919 1349 1978 vel
1374 1917 1728 1995 subflavus7
1750 1918 2056 1999 limpidus
2071 1967 2084 1990 ‚
2118 1927 2178 1978 et
2202 1918 2413 1978 odoris

398 2031 460 2083 et
520 2024 768 2103 saporis
831 2023 1382 2102 empyreumatiei‚
1448 2021 1643 2092 aeidi;
1713 2041 1795 2081 ne
1854 2021 2144 2082 turbetur
2203 2022 2412 2100 Baryo

396 2128 655 2197 nitriae,
714 2145 876 2185 neve
923 2126 1110 2206 Aqua
1155 2123 1711 2204 hydrosulsurata3
1770 2145 1931 2184 neve
1979 2127 2302 2184 contineat
2346 2126 2412 2183 in

391 2229 661 2311 partibus
702 2235 926 2289 centum
971 2230 1182 2289 minus
1217 2247 1410 2307 quam
1456 2248 1556 2289 sex
1587 2227 1775 2287 Aeidi
1810 2230 2055 2299 aeetiei⁷
2104 2235 2175 2287 ut
2215 2248 2412 2309 yram-

398 2338 560 2393 mata
591 2333 784 2392 decem
817 2333 997 2391 Aoeti
1029 2331 1431 2413 pyrolignosi
1462 2330 1789 2390 rectificati
1821 2351 1949 2390 non
1982 2333 2191 2390 minus
2224 2350 2411 2409 quam

399 2437 757 2496 centimetros
801 2434 1031 2496 cubicos
1077 2435 1273 2500 decem
1318 2435 1611 2513 Liquoris
1642 2434 1813 2493 Kalii
1853 2433 2106 2513 hydriei
2135 2434 2413 2493 volume-

401 2540 541 2598 triei
589 2538 672 2598 ad
720 2538 1142 2598 saturandum
1188 2539 1534 2618 requirant.

989 2842 1391 2927 Acetum
1455 2840 1829 2927 Scillae.

582 3019 764 3079 Bulbi
814 3018 1049 3079 Scillae
1097 3018 1306 3077 siccati
1343 3023 1551 3098 parles
1597 3019 1846 3099 quinque
1887 3066 1896 3075 .
1932 3067 1939 3075 .
1976 3067 1982 3075 .
2019 3067 2027 3075 .
2063 3067 2071 3076 .
2106 3068 2115 3076 .
2150 3068 2158 3076 .
2195 3068 2203 3076 .
2238 3069 2246 3076 .
2354 3022 2412 3094 5,

580 3121 857 3202 Spiritus
898 3127 1099 3201 partes
1151 3123 1401 3203 quinque
1451 3170 1458 3178 .
1496 3171 1500 3176 .
1539 3170 1546 3177 .
1582 3171 1588 3177 .
1627 3170 1633 3177 .
1670 3170 1677 3177 .
1715 3170 1721 3176 .
1757 3169 1764 3176 .
1801 3169 1809 3177 .
1845 3169 1852 3177 .
1888 3169 1897 3177 .
1932 3169 1939 3177 .
1976 3169 1984 3177 .
2019 3170 2028 3177 .
2064 3170 2071 3177 .
2107 3169 2115 3177 .
2151 3169 2159 3177 .
2195 3169 2203 3177 .
2239 3169 2247 3177 .
2354 3123 2412 3194 5,

582 3225 754 3284 Acidi
805 3223 1017 3283 aeolici
1069 3223 1245 3283 diluti
1286 3229 1490 3303 parles
1536 3243 1736 3282 norem
1756 3271 2244 3280 ............
2353 3226 2412 3286 9,

583 3332 796 3406 Aquae
838 3333 1038 3406 partes
1083 3328 1312 3407 mysiam
1358 3347 1457 3385 sea?
1493 3373 2245 3383 ..................
2309 3327 2389 3381 36

408 3450 659 3490 macera
706 3451 819 3509 per
864 3429 1172 3498 triduum,
1230 3430 1389 3487 siout,
1431 3430 1491 3486 in
1548 3430 1737 3486 A‹·‹=t‹›
1793 3427 2076 3502 Digitalis
2126 3425 2411 3504 parando

2015 3555 2062 3598 1‘
