2808 3996
1376 243 1474 311 20

412 421 714 501 ponderis
769 419 1046 500 speeifiei
1096 421 1284 491 O,900
1336 420 1419 480 ad
1471 421 1688 490 O,904;
1747 420 1989 499 Spiritu
2045 427 2106 478 et
2150 419 2427 479 Aethere

411 525 635 601 quavis
681 524 1094 602 proportione
1141 523 1391 580 misceri
1437 529 1664 601 potest.

497 624 734 684 Charta
782 624 1211 703 exploratoria
1256 623 1534 682 Aethere
1583 625 1819 682 aeetieo
1867 643 1947 682 ne
1995 623 2208 682 statim
2255 621 2425 682 rubi-

411 733 599 785 oetur.
672 725 859 803 Aqua
893 745 1033 783 oum
1067 724 1352 784 volumine
1383 723 1618 805 aequali
1643 724 1937 782 Aetheris
1972 725 2191 782 aeetioi
2238 725 2426 783 vehe-

406 835 652 886 menter
677 835 1099 906 eonquassata
1124 846 1205 885 ne
1229 826 1376 907 plus
1402 845 1596 905 quam
1621 827 1842 886 decima
1851 832 2033 905 parte
2065 825 2422 905 amplietur.

1274 1074 1545 1160 Aloe.

495 1234 732 1296 Suoeus
779 1234 1075 1296 decoetus
1121 1234 1439 1306 foliorum,
1499 1254 1665 1314 quae
1713 1234 1984 1294 offerunt
2030 1235 2185 1294 Αἱοὲ
2229 1235 2427 1307 ferox,

407 1339 560 1397 Alo‘e
607 1338 866 1418 spicata,
914 1339 1070 1397 Aloe
1117 1338 1424 1415 vulgariS,
1472 1338 1628 1397 Aloe
1674 1337 1915 1415 lingua,
1964 1336 2140 1402 haud
2181 1338 2310 1396 seio
2344 1355 2428 1395 an

407 1441 594 1498 etiam
659 1440 823 1499 aliae
875 1439 1069 1499 Aloes
1117 1442 1356 1520 speeies
1404 1439 1741 1520 Capenses.
1857 1439 2068 1499 Massa
2111 1437 2425 1519 perfusoa,

407 1549 468 1600 et
535 1541 750 1601 odoris
821 1549 882 1601 et
949 1544 1196 1622 saporis
1265 1543 1584 1623 specialis,
1658 1561 1821 1621 quae
1886 1540 2071 1601 facile
2132 1543 2200 1601 in
2261 1539 2426 1620 frag-

404 1651 618 1703 menta
687 1644 1120 1703 latieonehata
1184 1646 1411 1703 nitoris
1474 1646 1659 1703 vitrei
1730 1652 1791 1703 et
1852 1646 1919 1703 in
1985 1644 2229 1703 assulas
2283 1663 2426 1702 aeu-

404 1753 520 1816 taS,
569 1746 949 1825 pellucidaS,
1006 1747 1234 1806 eoloris
1282 1746 1582 1806 subrubri
1623 1747 1726 1805 vel
1769 1746 1935 1805 clare
1977 1745 2136 1805 fusci
2185 1745 2426 1805 diffrin-

403 1850 589 1926 gitur.
709 1849 934 1909 Calore
1001 1848 1218 1907 balnei
1274 1868 1478 1927 aquae
1535 1848 1742 1907 Aloen
1796 1850 2004 1928 primo
2060 1848 2427 1907 mollescere

403 1950 575 2021 lieet,
623 1969 830 2029 neque
873 1969 1025 2010 vero
1077 1949 1409 2010 confluere.
1505 1950 1706 2010 Plane
1761 1952 1995 2010 siccata
2044 1958 2105 2010 et
2150 1950 2424 2010 subtilis-

404 2053 559 2111 sime
607 2054 879 2112 eontrita
910 2053 1239 2131 pulverem
1272 2051 1511 2113 flavum
1543 2052 1826 2133 praebet,
1878 2055 1985 2132 qui
2020 2053 2228 2111 calore
2266 2053 2427 2112 1000

402 2173 608 2233 neque
655 2162 1019 2214 eonereseat
1062 2174 1270 2234 neque
1319 2155 1594 2214 colorem
1627 2162 1842 2214 mutet.
1924 2155 2082 2214 Aloe
2116 2155 2423 2226 admixta,

403 2254 940 2317 Chloroformium
986 2276 1218 2337 purum
1268 2256 1580 2317 ebulliens
1626 2277 1887 2337 prorsus
1920 2277 2052 2316 non
2086 2258 2424 2328 coloratur,

400 2357 642 2418 Aether
709 2377 908 2438 purus
980 2359 1255 2418 colorem
1316 2358 1654 2419 dumtaxat
1701 2360 2018 2419 levissime
2065 2359 2427 2420 subflavum

401 2460 617 2519 trahit.

489 2562 683 2622 Aloes
716 2569 925 2642 partes
971 2565 1221 2646 quinque
1269 2584 1412 2623 eum
1444 2563 1724 2644 partibus
1756 2565 1949 2626 decem
1996 2565 2219 2644 Aquae
2253 2564 2425 2625 ebul-

402 2665 614 2724 lientis
685 2665 1062 2724 solutionem
1131 2686 1337 2746 paene
1406 2666 1743 2746 limpidam
1801 2666 2099 2738 effieiant,
2175 2687 2253 2727 ex
2299 2685 2426 2747 qua

402 2765 774 2845 refrigerata
823 2769 1068 2825 circiter
1108 2774 1310 2847 partes
1341 2775 1455 2829 tres
1504 2768 1715 2828 denuo
1750 2769 2106 2828 subsidant.
2181 2770 2424 2829 Solutio

405 2869 745 2948 spirituosa
793 2870 846 2946 (l
877 2895 951 2921 =
978 2870 1035 2944 5)
1085 2872 1274 2928 etiam
1322 2872 1389 2929 in
1437 2869 1673 2950 frigore
1720 2871 1992 2951 limpida
2038 2879 2384 2932 remaneat.

1193 3118 1620 3204 Alumen.

493 3275 808 3355 Crystalla
854 3278 957 3337 vel
1011 3276 1370 3354 fragmenta
1420 3280 1791 3357 crystallina
1840 3281 2066 3341 eoloris
2116 3284 2419 3362 expertia,

407 3377 756 3457 diap'hana,
808 3379 987 3450 dura,
1037 3379 1120 3437 ad
1155 3380 1445 3440 ordinem
1494 3381 1870 3453 octaedriea,
1918 3383 2182 3462 pulvere
2227 3403 2421 3464 pareo
