2808 3996
1424 270 1525 340 26

961 452 1548 567 Amygdalae
1612 453 1973 539 dulces·

542 614 824 703 Semina,
868 649 1034 710 quae
1080 629 1263 689 offert
1306 632 1562 689 Prunus
1610 629 2038 708 Amygdalus3
2087 643 2234 690 sunt
2274 650 2480 712 asym-

454 741 651 793 metre
684 739 894 804 ovata,
933 751 1315 813 compressa,
1352 739 1536 791 acute
1566 731 1961 803 umbilicata,
1998 731 2270 793 adversa
2300 741 2484 814 parte

454 836 676 895 obtuse
723 834 1088 894 rotundata.
1144 849 1148 854 ’
1186 834 1468 909 Quorum
1514 834 1780 915 majora,
1833 835 2081 894 circiter
2126 836 2484 898 centimetros

451 938 604 1014 225
634 939 849 1017 longa,
898 957 1030 997 non
1074 938 1284 1007 minus
1332 955 1526 1016 quam
1560 937 1952 998 centimetrum
1996 956 2178 998 unum
2223 943 2279 998 et
2319 939 2481 1000 dimi-

452 1042 612 1102 dium
642 1041 776 1100 lata
815 1039 1080 1119 deligas.
1174 1039 1366 1099 Testa
1398 1038 1888 1098 membranacea
1934 1036 2132 1111 fusca,
2181 1038 2479 1113 furfurea,

451 1142 768 1203 fasciculis
814 1161 1117 1202 vasorum
1157 1142 1338 1202 haud
1370 1144 1460 1201 ita
1491 1143 1761 1201 ramosis
1793 1139 2158 1222 transjecta,
2209 1145 2263 1203 si
2294 1142 2482 1223 Aqua

451 1246 826 1317 molliveris,
886 1264 924 1304 a
981 1243 1207 1324 cotylis
1263 1264 1422 1325 pure
1478 1244 1643 1304 albis
1700 1242 1886 1303 facile
1944 1242 2197 1303 detrahi
2252 1253 2478 1325 potest.

454 1347 716 1428 Cotylae
749 1348 877 1408 sint
907 1348 1156 1428 saporis
1188 1347 1414 1407 leniter
1449 1346 1665 1417 oleosi,
1709 1345 2121 1428 ejusdemque
2153 1347 2480 1409 subdulcis

453 1458 513 1510 et
560 1450 1025 1531 mucilaginosi,
1075 1469 1207 1510 non
1252 1448 1520 1510 rancidi.

957 1712 1430 1827 Amylium
1490 1712 1978 1799 nitrosum.
2043 1829 2047 1834 .

536 1891 774 1970 Liquor
827 1889 1162 1970 limpidus,
1229 1888 1584 1962 subflavus‚
1644 1889 1955 1960 volatilis,
2022 1889 2239 1951 odoris
2299 1891 2478 1953 haud

449 1995 732 2053 insuavis
794 1992 1004 2072 qualis
1061 1999 1155 2052 est
1207 1991 1556 2064 fructuum,
1624 1994 1870 2073 saporis
1917 1993 2287 2065 ustulantiS‚
2339 2014 2476 2055 aro-

449 2097 689 2167 matici,
740 2098 805 2155 in
853 2095 1042 2174 Aqua
1088 2096 1201 2154 vix
1249 2095 1567 2165 solubilis;
1619 2095 1862 2175 Spiritu
1910 2102 1972 2156 et
2002 2095 2278 2156 Aethere
2325 2116 2478 2177 qua-

447 2199 544 2258 vis
590 2200 1008 2278 proportione
1050 2199 1300 2257 misceri
1332 2206 1570 2278 potest;
1606 2198 1816 2257 calore
1850 2198 1931 2258 97
1967 2198 2049 2259 ad
2087 2198 2201 2260 990
2233 2199 2474 2273 ebullit,

446 2302 738 2360 incensus
784 2299 1044 2359 flamma
1091 2299 1290 2370 flava,
1341 2299 1582 2371 lucida,
1633 2299 1979 2380 fuliginosa
2027 2300 2356 2382 deflagrat.

539 2403 863 2463 Centimetrz'
915 2402 1100 2464 cubici
1150 2402 1345 2463 decem
1391 2402 1634 2482 Amylii
1681 2405 1907 2463 nitrosi
1954 2406 2339 2465 reactionem
2389 2408 2475 2467 01-

449 2505 725 2565 calinam
771 2524 852 2564 ne
898 2505 1157 2575 tollant,
1209 2523 1404 2584 quam
1447 2507 1760 2566 centimetri
1787 2505 1975 2566 cubici
2002 2507 2119 2568 duo
2151 2509 2475 2569 mixtionis

448 2627 526 2667 ex
579 2613 754 2688 parte
814 2627 935 2668 una
1002 2607 1295 2686 Liquoris
1365 2607 1692 2667 Ammonii
1764 2610 2024 2668 caustici
2094 2615 2156 2669 et
2201 2611 2477 2690 partibus

446 2730 651 2771 novem
695 2708 921 2789 Aquae
971 2711 1361 2790 compositae
1407 2710 1734 2790 praebent.

533 2811 864 2892 Amylium
896 2814 1236 2883 nitrosum,
1283 2812 1456 2892 quod
1492 2833 1635 2873 cum
1665 2812 1951 2875 volumine
1981 2814 2190 2894 triplici
2222 2817 2472 2876 mixtio-

446 2916 570 2985 nis,
623 2934 701 2973 ex
740 2913 1080 2996 aequalibus
1112 2914 1392 2994 partibus
1422 2915 1713 2995 Liquoris
1744 2916 2070 2976 Ammonii
2104 2920 2364 2978 caustici
2413 2926 2475 2978 et

447 3016 722 3096 Spiritus
779 3015 1057 3076 absoluti
1121 3020 1533 3097 compositae,
1593 3026 1654 3077 et
1701 3038 1843 3077 cum
1890 3020 2098 3100 6quch
2128 3025 2311 3098 parte
2355 3021 2470 3080 Ar-

446 3120 623 3198 genti
691 3120 902 3179 nitrici
971 3120 1197 3179 leniter
1267 3117 1651 3189 calefeceriS,
1726 3140 1808 3179 ne
1872 3121 2146 3179 colorem
2194 3120 2465 3194 fuscum,

446 3241 606 3280 neve
652 3223 906 3301 nigrum
956 3219 1204 3281 efficiat.

538 3325 768 3400 Caute,
819 3343 856 3383 a
901 3324 1043 3382 luce
1089 3331 1401 3383 remotum
1452 3331 1512 3384 et
1556 3325 1883 3383 nonnullis
1939 3325 2253 3403 crystallis
2301 3326 2467 3385 Kalii

448 3426 732 3485 tartarici
778 3426 1249 3506 superpositum
1263 3473 1276 3497 ,
1327 3433 1626 3486 servetur.
