2808 3996
1469 269 1567 339 92

692 446 971 526 Spiritus
996 447 1276 527 partibus
1315 446 1548 509 duabus
1566 496 2370 509 ...................
2475 450 2518 509 2

865 557 1169 630 tempera.
1242 550 1615 609 Mixtionem
1647 550 1973 611 interdum
2006 569 2384 630 conquassa-

865 659 1023 723 tam,
1090 652 1267 711 horis
1319 653 1554 731 viginti
1610 659 1911 731 quattuor
1968 653 2383 725 circumactis,

867 754 1024 813 cola.
1118 753 1469 814 Residuum
1515 756 1606 814 sic
1654 754 1945 815 effectum
1992 774 2136 815 cum

689 855 968 936 Spiritus
1009 855 1192 915 diluti
1223 861 1404 935 parte
1447 876 1569 917 una
1588 904 2350 916 ..................
2480 860 2514 916 1

513 960 580 1018 in
635 977 788 1018 vase
847 958 1061 1018 clauso
1116 957 1475 1038 paullulum
1532 957 1807 1018 caleface
1872 966 1934 1019 et
1984 957 2338 1019 identidem
2393 977 2538 1017 con-

513 1080 763 1142 quassa.
856 1060 1224 1139 Liquorem,
1288 1067 1631 1141 postquam
1678 1060 2064 1132 subsederit,
2119 1060 2387 1140 limpide
2435 1059 2539 1119 de-

514 1163 890 1223 canthatum
945 1163 1127 1223 alteri
1181 1161 1369 1223 adde.
1466 1162 1650 1238 Quod
1706 1164 1978 1223 mixtum
2040 1161 2213 1222 filtra
2278 1169 2341 1221 et
2396 1180 2539 1221 eva-

511 1266 803 1347 porando
849 1264 1071 1344 redige
1119 1264 1204 1325 ad
1250 1265 1626 1324 Extractum
1675 1265 1971 1344 spissum.

599 1368 695 1429 Sit
740 1387 774 1427 e
819 1367 1136 1428 subviridi
1181 1366 1451 1439 fuscum,
1499 1369 1567 1427 in
1614 1366 1804 1447 Aqua
1849 1366 2107 1428 turbide
2154 1366 2446 1427 solubile.

686 1472 886 1531 Caute
932 1477 1234 1531 servetur.

860 1587 1052 1647 Dosis
1098 1587 1376 1647 maxima
1423 1587 1678 1666 singula
1738 1590 1856 1663 0,2.

861 1690 1052 1751 Dosis
1099 1690 1375 1751 maxima
1419 1710 1536 1770 pro
1584 1690 1684 1750 die
1743 1694 1855 1766 l,0.

1092 2114 1653 2200 Extractum
1716 2113 1959 2227 opii.

685 2290 831 2370 Opii
876 2290 1192 2370 pulverati
1225 2296 1435 2371 partes
1481 2291 1634 2352 duas
1651 2338 2368 2349 .................
2473 2291 2535 2364 2,

861 2392 1100 2453 additis

683 2499 901 2574 Aquae
932 2495 1210 2575 partibus
1256 2495 1452 2556 decem
1470 2544 2366 2555 .....................
2434 2498 2535 2570 10,

859 2617 1115 2657 macera
1138 2617 1254 2678 per
1278 2598 1473 2657 horas
1498 2599 1731 2677 viginti
1765 2606 2084 2676 quattuor.
2137 2597 2380 2673 Quibus

861 2701 1193 2780 expressiS,
1236 2699 1323 2771 id,
1367 2700 1542 2779 quod
1574 2702 1891 2770 restiterit,
1943 2700 2182 2760 additis

683 2805 900 2881 Aquae
933 2802 1211 2882 partibus
1256 2804 1506 2884 quinque
1560 2850 2368 2862 ...................
2473 2806 2534 2877 5,

861 2905 1085 2964 eadem
1130 2906 1373 2964 ratione
1419 2913 1638 2965 tracta.

594 3007 897 3085 Liquores
957 3007 1373 3086 exprimendo
1432 3007 1686 3068 effectos
1747 3011 1970 3079 misce,
2038 3007 2236 3079 filtra,
2303 3026 2533 3087 evapo-

507 3109 709 3168 rando
758 3108 842 3168 ad
888 3109 1261 3168 Extractum
1310 3110 1546 3169 siccum
1592 3110 1831 3189 redige.

595 3211 691 3270 Sit
737 3231 769 3268 e
814 3211 1009 3270 rubro
1057 3210 1323 3283 fuscum,
1373 3213 1441 3271 in
1487 3211 1677 3291 Aqua
1722 3211 1978 3273 turbide
2026 3212 2315 3272 solubile.

597 3313 952 3373 Grammatz‘s
1013 3314 1245 3394 triyz‘nta
1309 3314 1640 3373 solutionis
1703 3313 1934 3393 frigide
1989 3323 2254 3394 paratae
2317 3322 2378 3373 et
2438 3313 2532 3373 fil-
