<?xml version="1.0" encoding="UTF-8"?>
<!DOCTYPE html PUBLIC "-//W3C//DTD XHTML 1.0 Transitional//EN"
    "http://www.w3.org/TR/xhtml1/DTD/xhtml1-transitional.dtd">
<html xmlns="http://www.w3.org/1999/xhtml" xml:lang="en" lang="en">
 <head>
  <title>
</title>
<meta http-equiv="Content-Type" content="text/html;charset=utf-8" />
  <meta name='ocr-system' content='tesseract 3.04.00' />
  <meta name='ocr-capabilities' content='ocr_page ocr_carea ocr_par ocr_line ocrx_word'/>
</head>
<body>
  <div class='ocr_page' id='page_1' title='image "./pharmacopagerman00berluoft_0035.png"; bbox 0 0 2808 3996; ppageno 0'>
   <div class='ocr_carea' id='block_1_1' title="bbox 1361 244 1452 314">
    <p class='ocr_par' dir='ltr' id='par_1_1' title="bbox 1361 244 1452 314">
     <span class='ocr_line' id='line_1_1' title="bbox 1361 244 1452 314; baseline -0.011 0"><span class='ocrx_word' id='word_1_1' title='bbox 1361 244 1452 314; x_wconf 87' lang='lat'>17</span> 
     </span>
    </p>
   </div>
   <div class='ocr_carea' id='block_1_2' title="bbox 385 419 2411 684">
    <p class='ocr_par' dir='ltr' id='par_1_2' title="bbox 385 419 2411 684">
     <span class='ocr_line' id='line_1_2' title="bbox 385 419 2411 501; baseline 0.001 -22"><span class='ocrx_word' id='word_1_2' title='bbox 385 419 630 490; x_wconf 86' lang='lat' dir='ltr'>nand0‚</span> <span class='ocrx_word' id='word_1_3' title='bbox 686 428 936 480; x_wconf 79' lang='lat' dir='ltr'>secutus</span> <span class='ocrx_word' id='word_1_4' title='bbox 985 422 1133 491; x_wconf 85' lang='lat' dir='ltr'>eris,</span> <span class='ocrx_word' id='word_1_5' title='bbox 1193 421 1484 480; x_wconf 84' lang='lat' dir='ltr'>chartam</span> <span class='ocrx_word' id='word_1_6' title='bbox 1533 422 1846 481; x_wconf 84' lang='lat' dir='ltr'>solutione</span> <span class='ocrx_word' id='word_1_7' title='bbox 1894 423 2160 501; x_wconf 77' lang='lat' dir='ltr'><strong>Argenti</strong></span> <span class='ocrx_word' id='word_1_8' title='bbox 2206 424 2411 482; x_wconf 80' lang='lat' dir='ltr'>nitriei</span> 
     </span>
     <span class='ocr_line' id='line_1_3' title="bbox 385 521 1996 599; baseline 0.002 -19"><span class='ocrx_word' id='word_1_9' title='bbox 385 529 790 581; x_wconf 75' lang='lat' dir='ltr'>concentrata</span> <span class='ocrx_word' id='word_1_10' title='bbox 835 525 889 595; x_wconf 89' lang='grc'>(1</span> <span class='ocrx_word' id='word_1_11' title='bbox 920 548 994 575; x_wconf 94' lang='lat'><strong><em>=</em></strong></span> <span class='ocrx_word' id='word_1_12' title='bbox 1019 523 1079 599; x_wconf 66' lang='grc'>6))</span> <span class='ocrx_word' id='word_1_13' title='bbox 1127 521 1562 583; x_wconf 79' lang='lat' dir='ltr'>humectatam</span> <span class='ocrx_word' id='word_1_14' title='bbox 1606 543 1687 583; x_wconf 91' lang='lat' dir='ltr'>ne</span> <span class='ocrx_word' id='word_1_15' title='bbox 1733 531 1996 584; x_wconf 87' lang='lat' dir='ltr'>mutent.</span> 
     </span>
     <span class='ocr_line' id='line_1_4' title="bbox 471 624 1022 684; baseline 0 -2"><span class='ocrx_word' id='word_1_16' title='bbox 471 624 673 683; x_wconf 81' lang='lat' dir='ltr'>Caute</span> <span class='ocrx_word' id='word_1_17' title='bbox 719 635 1022 684; x_wconf 81' lang='lat' dir='ltr'>servetur.</span> 
     </span>
    </p>
   </div>
   <div class='ocr_carea' id='block_1_3' title="bbox 646 885 2146 973">
    <p class='ocr_par' dir='ltr' id='par_1_3' title="bbox 646 885 2146 973">
     <span class='ocr_line' id='line_1_5' title="bbox 646 885 2146 973; baseline 0.001 -3"><span class='ocrx_word' id='word_1_18' title='bbox 646 885 1050 970; x_wconf 81' lang='lat' dir='ltr'>Acidum</span> <span class='ocrx_word' id='word_1_19' title='bbox 1112 885 1666 971; x_wconf 78' lang='lat' dir='ltr'>sulfilrieum</span> <span class='ocrx_word' id='word_1_20' title='bbox 1729 887 2146 973; x_wconf 77' lang='lat' dir='ltr'>crudum.</span> 
     </span>
    </p>
   </div>
   <div class='ocr_carea' id='block_1_4' title="bbox 380 1061 2408 1531">
    <p class='ocr_par' dir='ltr' id='par_1_4' title="bbox 380 1061 2408 1429">
     <span class='ocr_line' id='line_1_6' title="bbox 468 1061 2408 1144; baseline 0.002 -24"><span class='ocrx_word' id='word_1_21' title='bbox 468 1061 707 1140; x_wconf 87' lang='lat' dir='ltr'>Liquor</span> <span class='ocrx_word' id='word_1_22' title='bbox 752 1061 1080 1142; x_wconf 85' lang='lat' dir='ltr'>limpidus,</span> <span class='ocrx_word' id='word_1_23' title='bbox 1132 1062 1362 1122; x_wconf 82' lang='lat' dir='ltr'>eoloris</span> <span class='ocrx_word' id='word_1_24' title='bbox 1396 1082 1624 1143; x_wconf 79' lang='lat' dir='ltr'>expers</span> <span class='ocrx_word' id='word_1_25' title='bbox 1654 1064 1761 1122; x_wconf 83' lang='lat' dir='ltr'>vel</span> <span class='ocrx_word' id='word_1_26' title='bbox 1792 1063 2147 1135; x_wconf 72' lang='lat' dir='ltr'>subeSCUS‚</span> <span class='ocrx_word' id='word_1_27' title='bbox 2197 1066 2408 1144; x_wconf 79' lang='lat' dir='ltr'>spissi-</span> 
     </span>
     <span class='ocr_line' id='line_1_7' title="bbox 380 1163 2407 1245; baseline 0 -22"><span class='ocrx_word' id='word_1_28' title='bbox 380 1163 621 1223; x_wconf 76' lang='lat' dir='ltr'>tudinis</span> <span class='ocrx_word' id='word_1_29' title='bbox 654 1165 798 1235; x_wconf 83' lang='lat' dir='ltr'>olei,</span> <span class='ocrx_word' id='word_1_30' title='bbox 832 1164 1138 1244; x_wconf 85' lang='lat' dir='ltr'>ponderis</span> <span class='ocrx_word' id='word_1_31' title='bbox 1179 1163 1457 1244; x_wconf 81' lang='lat' dir='ltr'>speeifiei</span> <span class='ocrx_word' id='word_1_32' title='bbox 1488 1185 1619 1224; x_wconf 89' lang='lat' dir='ltr'>non</span> <span class='ocrx_word' id='word_1_33' title='bbox 1664 1167 1926 1225; x_wconf 83' lang='lat' dir='ltr'>minoris</span> <span class='ocrx_word' id='word_1_34' title='bbox 1958 1185 2152 1245; x_wconf 87' lang='lat' dir='ltr'>quam</span> <span class='ocrx_word' id='word_1_35' title='bbox 2191 1167 2407 1237; x_wconf 80' lang='lat'>1,830;</span> 
     </span>
     <span class='ocr_line' id='line_1_8' title="bbox 380 1266 2407 1351; baseline 0.002 -27"><span class='ocrx_word' id='word_1_36' title='bbox 380 1267 448 1324; x_wconf 89' lang='lat' dir='ltr'>in</span> <span class='ocrx_word' id='word_1_37' title='bbox 495 1266 774 1345; x_wconf 69' lang='lat' dir='ltr'>partibus</span> <span class='ocrx_word' id='word_1_38' title='bbox 835 1272 1060 1327; x_wconf 72' lang='lat' dir='ltr'>centum</span> <span class='ocrx_word' id='word_1_39' title='bbox 1123 1287 1250 1325; x_wconf 89' lang='lat' dir='ltr'>non</span> <span class='ocrx_word' id='word_1_40' title='bbox 1311 1268 1522 1328; x_wconf 87' lang='lat' dir='ltr'>minus</span> <span class='ocrx_word' id='word_1_41' title='bbox 1592 1286 1786 1347; x_wconf 88' lang='lat' dir='ltr'>quam</span> <span class='ocrx_word' id='word_1_42' title='bbox 1848 1270 2169 1351; x_wconf 70' lang='lat' dir='ltr'>nonayinta</span> <span class='ocrx_word' id='word_1_43' title='bbox 2229 1289 2407 1329; x_wconf 66' lang='lat' dir='ltr'>amam</span> 
     </span>
     <span class='ocr_line' id='line_1_9' title="bbox 380 1368 1301 1429; baseline 0.001 -1"><span class='ocrx_word' id='word_1_44' title='bbox 380 1368 569 1428; x_wconf 85' lang='lat' dir='ltr'>Aeidi</span> <span class='ocrx_word' id='word_1_45' title='bbox 615 1368 906 1428; x_wconf 84' lang='lat' dir='ltr'>sulfuriei</span> <span class='ocrx_word' id='word_1_46' title='bbox 953 1371 1301 1429; x_wconf 79' lang='lat' dir='ltr'>continens.</span> 
     </span>
    </p>

    <p class='ocr_par' dir='ltr' id='par_1_5' title="bbox 469 1472 1020 1531">
     <span class='ocr_line' id='line_1_10' title="bbox 469 1472 1020 1531; baseline 0.002 -2"><span class='ocrx_word' id='word_1_47' title='bbox 469 1472 671 1530; x_wconf 84' lang='lat' dir='ltr'>Caute</span> <span class='ocrx_word' id='word_1_48' title='bbox 715 1479 1020 1531; x_wconf 84' lang='lat' dir='ltr'>servetur.</span> 
     </span>
    </p>
   </div>
   <div class='ocr_carea' id='block_1_5' title="bbox 643 1734 2143 1820">
    <p class='ocr_par' dir='ltr' id='par_1_6' title="bbox 643 1734 2143 1820">
     <span class='ocr_line' id='line_1_11' title="bbox 643 1734 2143 1820; baseline 0.001 -1"><span class='ocrx_word' id='word_1_49' title='bbox 643 1734 1048 1820; x_wconf 80' lang='lat' dir='ltr'>Acidum</span> <span class='ocrx_word' id='word_1_50' title='bbox 1110 1734 1667 1820; x_wconf 77' lang='lat' dir='ltr'>sulfurieum</span> <span class='ocrx_word' id='word_1_51' title='bbox 1730 1734 2143 1820; x_wconf 82' lang='lat' dir='ltr'>dilutum.</span> 
     </span>
    </p>
   </div>
   <div class='ocr_carea' id='block_1_6' title="bbox 556 1913 2497 2277">
    <p class='ocr_par' dir='ltr' id='par_1_7' title="bbox 556 1913 2382 2072">
     <span class='ocr_line' id='line_1_12' title="bbox 556 1913 2382 1994; baseline 0.001 -24"><span class='ocrx_word' id='word_1_52' title='bbox 556 1916 774 1990; x_wconf 84' lang='lat' dir='ltr'>Aquae</span> <span class='ocrx_word' id='word_1_53' title='bbox 806 1917 1017 1991; x_wconf 74' lang='lat' dir='ltr'>partes</span> <span class='ocrx_word' id='word_1_54' title='bbox 1063 1913 1316 1994; x_wconf 74' lang='lat' dir='ltr'>quinque</span> <span class='ocrx_word' id='word_1_55' title='bbox 1341 1958 2283 1971; x_wconf 85' lang='lat'><strong>......................</strong></span> <span class='ocrx_word' id='word_1_56' title='bbox 2342 1915 2382 1972; x_wconf 85' lang='lat'>5</span> 
     </span>
     <span class='ocr_line' id='line_1_13' title="bbox 733 2021 795 2072; baseline 0 0"><span class='ocrx_word' id='word_1_57' title='bbox 733 2021 795 2072; x_wconf 90' lang='lat' dir='ltr'>et</span> 
     </span>
    </p>

    <p class='ocr_par' dir='ltr' id='par_1_8' title="bbox 558 2115 2497 2277">
     <span class='ocr_line' id='line_1_14' title="bbox 558 2115 2497 2196; baseline 0.002 -23"><span class='ocrx_word' id='word_1_58' title='bbox 558 2115 733 2174; x_wconf 80' lang='lat' dir='ltr'>Aeidi</span> <span class='ocrx_word' id='word_1_59' title='bbox 784 2115 1071 2175; x_wconf 80' lang='lat' dir='ltr'>sulfuriei</span> <span class='ocrx_word' id='word_1_60' title='bbox 1104 2122 1347 2196; x_wconf 76' lang='lat' dir='ltr'>partem</span> <span class='ocrx_word' id='word_1_61' title='bbox 1393 2137 1575 2177; x_wconf 76' lang='lat' dir='ltr'>unam</span> <span class='ocrx_word' id='word_1_62' title='bbox 1609 2163 2281 2175; x_wconf 89' lang='grc'><strong>................</strong></span> <span class='ocrx_word' id='word_1_63' title='bbox 2346 2119 2380 2176; x_wconf 97' lang='grc'>1</span> <span class='ocrx_word' id='word_1_64' title='bbox 2494 2186 2497 2188; x_wconf 10' lang='lat' dir='ltr'>v</span> 
     </span>
     <span class='ocr_line' id='line_1_15' title="bbox 731 2237 944 2277; baseline 0 -1"><span class='ocrx_word' id='word_1_65' title='bbox 731 2237 944 2277; x_wconf 80' lang='lat' dir='ltr'>mlsce.</span> 
     </span>
    </p>
   </div>
   <div class='ocr_carea' id='block_1_7' title="bbox 467 2319 1745 2400">
    <p class='ocr_par' dir='ltr' id='par_1_9' title="bbox 467 2319 1745 2400">
     <span class='ocr_line' id='line_1_16' title="bbox 467 2319 1745 2400; baseline -0.001 -21"><span class='ocrx_word' id='word_1_66' title='bbox 467 2320 778 2379; x_wconf 81' lang='lat' dir='ltr'>Ponderis</span> <span class='ocrx_word' id='word_1_67' title='bbox 826 2319 1103 2400; x_wconf 80' lang='lat' dir='ltr'>speeifiei</span> <span class='ocrx_word' id='word_1_68' title='bbox 1157 2321 1344 2390; x_wconf 89' lang='grc'>1,110</span> <span class='ocrx_word' id='word_1_69' title='bbox 1397 2319 1480 2380; x_wconf 87' lang='lat' dir='ltr'>ad</span> <span class='ocrx_word' id='word_1_70' title='bbox 1534 2321 1745 2391; x_wconf 87' lang='lat'>1‚114.</span> 
     </span>
    </p>
   </div>
   <div class='ocr_carea' id='block_1_8' title="bbox 907 2596 1873 2682">
    <p class='ocr_par' dir='ltr' id='par_1_10' title="bbox 907 2596 1873 2682">
     <span class='ocr_line' id='line_1_17' title="bbox 907 2596 1873 2682; baseline -0.001 0"><span class='ocrx_word' id='word_1_71' title='bbox 907 2596 1309 2682; x_wconf 77' lang='lat' dir='ltr'>Acidum</span> <span class='ocrx_word' id='word_1_72' title='bbox 1371 2596 1873 2682; x_wconf 79' lang='lat' dir='ltr'>tannieum.</span> 
     </span>
    </p>
   </div>
   <div class='ocr_carea' id='block_1_9' title="bbox 375 2771 2402 3464">
    <p class='ocr_par' dir='ltr' id='par_1_11' title="bbox 375 2771 2402 3464">
     <span class='ocr_line' id='line_1_18' title="bbox 466 2771 2397 2843; baseline -0.001 -11"><span class='ocrx_word' id='word_1_73' title='bbox 466 2773 686 2832; x_wconf 79' lang='lat' dir='ltr'>Pulvis</span> <span class='ocrx_word' id='word_1_74' title='bbox 744 2772 929 2832; x_wconf 85' lang='lat' dir='ltr'>albus</span> <span class='ocrx_word' id='word_1_75' title='bbox 978 2773 1103 2832; x_wconf 80' lang='lat' dir='ltr'>vel‘</span> <span class='ocrx_word' id='word_1_76' title='bbox 1138 2771 1463 2832; x_wconf 84' lang='lat' dir='ltr'>subflavus</span> <span class='ocrx_word' id='word_1_77' title='bbox 1511 2773 1615 2832; x_wconf 88' lang='lat' dir='ltr'>vel</span> <span class='ocrx_word' id='word_1_78' title='bbox 1670 2792 1881 2833; x_wconf 87' lang='lat' dir='ltr'>massa</span> <span class='ocrx_word' id='word_1_79' title='bbox 1937 2773 2116 2843; x_wconf 85' lang='lat' dir='ltr'>laxa,</span> <span class='ocrx_word' id='word_1_80' title='bbox 2174 2773 2397 2843; x_wconf 83' lang='lat' dir='ltr'>nitida,</span> 
     </span>
     <span class='ocr_line' id='line_1_19' title="bbox 379 2874 2402 2956; baseline 0.001 -23"><span class='ocrx_word' id='word_1_81' title='bbox 379 2875 607 2934; x_wconf 79' lang='lat' dir='ltr'>eoloris</span> <span class='ocrx_word' id='word_1_82' title='bbox 662 2894 863 2955; x_wconf 87' lang='lat' dir='ltr'>paene</span> <span class='ocrx_word' id='word_1_83' title='bbox 910 2894 1156 2955; x_wconf 80' lang='lat' dir='ltr'>expers.</span> <span class='ocrx_word' id='word_1_84' title='bbox 1252 2874 1409 2936; x_wconf 89' lang='lat' dir='ltr'>Cum</span> <span class='ocrx_word' id='word_1_85' title='bbox 1466 2875 1690 2954; x_wconf 87' lang='lat' dir='ltr'>Aquae</span> <span class='ocrx_word' id='word_1_86' title='bbox 1731 2875 2007 2954; x_wconf 77' lang='lat' dir='ltr'>partibus</span> <span class='ocrx_word' id='word_1_87' title='bbox 2062 2874 2402 2956; x_wconf 72' lang='lat' dir='ltr'>aequalibus</span> 
     </span>
     <span class='ocr_line' id='line_1_20' title="bbox 379 2977 2396 3058; baseline 0 -23"><span class='ocrx_word' id='word_1_88' title='bbox 379 2988 488 3036; x_wconf 78' lang='lat' dir='ltr'>aut</span> <span class='ocrx_word' id='word_1_89' title='bbox 566 2978 842 3057; x_wconf 76' lang='lat' dir='ltr'>Spiritus</span> <span class='ocrx_word' id='word_1_90' title='bbox 927 2977 1160 3037; x_wconf 75' lang='lat' dir='ltr'>duabus</span> <span class='ocrx_word' id='word_1_91' title='bbox 1238 2977 1504 3058; x_wconf 80' lang='lat' dir='ltr'>praebet</span> <span class='ocrx_word' id='word_1_92' title='bbox 1573 2977 1954 3036; x_wconf 84' lang='lat' dir='ltr'>solutionem</span> <span class='ocrx_word' id='word_1_93' title='bbox 2040 2977 2396 3057; x_wconf 80' lang='lat' dir='ltr'>limpidam,</span> 
     </span>
     <span class='ocr_line' id='line_1_21' title="bbox 378 3079 2396 3160; baseline -0.001 -21"><span class='ocrx_word' id='word_1_94' title='bbox 378 3081 594 3140; x_wconf 79' lang='lat' dir='ltr'>odoris</span> <span class='ocrx_word' id='word_1_95' title='bbox 665 3081 907 3156; x_wconf 75' lang='lat' dir='ltr'>exigui,</span> <span class='ocrx_word' id='word_1_96' title='bbox 981 3080 1413 3160; x_wconf 76' lang='lat' dir='ltr'>particularis,</span> <span class='ocrx_word' id='word_1_97' title='bbox 1487 3099 1617 3139; x_wconf 89' lang='lat' dir='ltr'>non</span> <span class='ocrx_word' id='word_1_98' title='bbox 1681 3079 1988 3150; x_wconf 75' lang='lat' dir='ltr'>aetherei,</span> <span class='ocrx_word' id='word_1_99' title='bbox 2060 3081 2396 3137; x_wconf 77' lang='lat' dir='ltr'>reaetionis</span> 
     </span>
     <span class='ocr_line' id='line_1_22' title="bbox 378 3180 2395 3261; baseline -0.001 -21"><span class='ocrx_word' id='word_1_100' title='bbox 378 3182 628 3251; x_wconf 74' lang='lat' dir='ltr'>acidae,</span> <span class='ocrx_word' id='word_1_101' title='bbox 689 3183 936 3261; x_wconf 79' lang='lat' dir='ltr'>saporis</span> <span class='ocrx_word' id='word_1_102' title='bbox 994 3182 1519 3261; x_wconf 78' lang='lat' dir='ltr'>constringentis;</span> <span class='ocrx_word' id='word_1_103' title='bbox 1579 3180 1749 3239; x_wconf 87' lang='lat' dir='ltr'>idem</span> <span class='ocrx_word' id='word_1_104' title='bbox 1807 3182 2077 3239; x_wconf 83' lang='lat' dir='ltr'>solvitur</span> <span class='ocrx_word' id='word_1_105' title='bbox 2136 3183 2195 3238; x_wconf 82' lang='lat' dir='ltr'>in</span> <span class='ocrx_word' id='word_1_106' title='bbox 2247 3181 2395 3259; x_wconf 78' lang='lat' dir='ltr'>Gly-</span> 
     </span>
     <span class='ocr_line' id='line_1_23' title="bbox 378 3282 2392 3363; baseline -0.001 -20"><span class='ocrx_word' id='word_1_107' title='bbox 378 3286 572 3343; x_wconf 82' lang='lat' dir='ltr'>cerini</span> <span class='ocrx_word' id='word_1_108' title='bbox 614 3284 886 3363; x_wconf 75' lang='lat' dir='ltr'>partibus</span> <span class='ocrx_word' id='word_1_109' title='bbox 934 3289 1090 3353; x_wconf 72' lang='lat' dir='ltr'>octe,</span> <span class='ocrx_word' id='word_1_110' title='bbox 1151 3285 1218 3343; x_wconf 89' lang='lat' dir='ltr'>in</span> <span class='ocrx_word' id='word_1_111' title='bbox 1261 3283 1537 3343; x_wconf 84' lang='lat' dir='ltr'>Aethere</span> <span class='ocrx_word' id='word_1_112' title='bbox 1586 3282 1879 3341; x_wconf 80' lang='lat' dir='ltr'>absoluto</span> <span class='ocrx_word' id='word_1_113' title='bbox 1929 3302 2056 3341; x_wconf 83' lang='lat' dir='ltr'>non</span> <span class='ocrx_word' id='word_1_114' title='bbox 2107 3284 2392 3340; x_wconf 68' lang='lat' dir='ltr'>solvitur.</span> 
     </span>
     <span class='ocr_line' id='line_1_24' title="bbox 375 3384 2394 3464; baseline -0.003 -20"><span class='ocrx_word' id='word_1_115' title='bbox 375 3386 473 3444; x_wconf 82' lang='lat' dir='ltr'>Ex</span> <span class='ocrx_word' id='word_1_116' title='bbox 513 3386 826 3445; x_wconf 75' lang='lat' dir='ltr'>solutione</span> <span class='ocrx_word' id='word_1_117' title='bbox 875 3405 1116 3464; x_wconf 81' lang='lat' dir='ltr'>aquosa</span> <span class='ocrx_word' id='word_1_118' title='bbox 1165 3387 1217 3458; x_wconf 90' lang='grc'>(1</span> <span class='ocrx_word' id='word_1_119' title='bbox 1250 3412 1323 3438; x_wconf 90' lang='lat'><strong><em>=</em></strong></span> <span class='ocrx_word' id='word_1_120' title='bbox 1353 3387 1408 3459; x_wconf 78' lang='lat'>5)</span> <span class='ocrx_word' id='word_1_121' title='bbox 1446 3384 1645 3443; x_wconf 67' lang='lat' dir='ltr'>Anido</span> <span class='ocrx_word' id='word_1_122' title='bbox 1689 3384 1989 3442; x_wconf 71' lang='lat' dir='ltr'>sulsurico</span> <span class='ocrx_word' id='word_1_123' title='bbox 2024 3394 2133 3443; x_wconf 80' lang='lat' dir='ltr'>aut</span> <span class='ocrx_word' id='word_1_124' title='bbox 2178 3385 2394 3443; x_wconf 74' lang='lat' dir='ltr'>Nati-io</span> 
     </span>
    </p>
   </div>
   <div class='ocr_carea' id='block_1_10' title="bbox 2017 3510 2045 3553">
    <p class='ocr_par' dir='ltr' id='par_1_12' title="bbox 2017 3510 2045 3553">
     <span class='ocr_line' id='line_1_25' title="bbox 2017 3510 2045 3553; baseline 0 0"><span class='ocrx_word' id='word_1_125' title='bbox 2017 3510 2045 3553; x_wconf 91' lang='grc'>3</span> 
     </span>
    </p>
   </div>
  </div>
 </body>
</html>
