2808 3996
1338 231 1436 302 29

453 411 813 483 Portiones,
867 429 1027 489 quas
1060 408 1431 489 dispensare
1461 428 1682 489 paras,
1734 408 1888 468 oleis
1922 409 2233 468 aethereis
2264 428 2390 468 non

365 513 590 573 solutis
635 511 938 572 filtrando
985 512 1259 571 liberare
1307 519 1575 592 oportet.

453 614 678 693 Aquae
724 613 1143 685 mucefactae‚
1194 614 1423 673 coloris
1470 634 1601 673 non
1649 623 1956 694 expertes,
2005 613 2390 695 rejiciantur.

404 718 643 798 ‚Aqua
687 715 1221 798 hydrosulfurata
1267 716 1560 777 admixta
1605 735 1686 777 ne
1731 723 2073 776 mutentur.

538 1055 816 1166 Aqua
874 1053 1607 1170 Amygdalarum
1670 1079 2225 1140 amararum.

544 1233 1054 1312 Amygdalarum
1100 1251 1465 1293 amararum
1504 1236 1710 1312 partes
1756 1231 2058 1293 duodecim
2087 1279 2098 1289 .
2131 1278 2144 1290 .
2176 1278 2188 1290 .
2220 1279 2231 1290 .
2296 1232 2377 1289 12

721 1343 1022 1395 contusas
1045 1355 1167 1416 ope
1191 1335 1441 1406 tomuli,
1467 1354 1602 1394 non
1628 1332 2023 1405 calefaciens,
2052 1352 2244 1412 quam

657 1423 663 1430 ’
721 1439 1003 1498 maxime
1057 1437 1139 1498 ab
1189 1438 1330 1497 oleo
1377 1438 1606 1517 pingui
1653 1436 1884 1507 libera,
1942 1436 2246 1495 liberatas

719 1542 787 1601 in
832 1541 1165 1622 pulverem
1214 1540 1514 1600 subtilem
1560 1539 1801 1618 redige.

811 1644 1013 1720 Quem
1045 1643 1379 1725 pulverem
1403 1644 1470 1701 in
1496 1642 1754 1721 ambige
1781 1641 2017 1722 ampla,
2056 1642 2247 1721 aptis-

720 1749 878 1809 sime
939 1749 1031 1807 ita
1086 1748 1402 1817 instituta,
1469 1752 1542 1805 ut
1591 1764 1866 1826 vapores
1924 1763 2126 1823 aquae
2183 1745 2250 1803 in

723 1851 849 1911 alio
890 1857 1208 1932 apparatu
1243 1849 1496 1910 effectos
1543 1868 1659 1930 per
1707 1867 1847 1907 eam
1893 1846 2249 1929 perpellere

721 1955 955 2035 possis,
1015 1973 1159 2013 cum

545 2062 764 2137 Aquae
811 2056 1163 2117 communis
1196 2055 1477 2137 partibus
1530 2055 1820 2135 octoyz‘nta
1871 2100 2234 2112 ........
2297 2054 2381 2111 80

721 2160 886 2220 bene
935 2160 1274 2219 commisce
1322 2166 1407 2229 et,
1461 2156 1685 2216 addita

546 2263 827 2343 Spiritus
867 2268 1042 2343 parte
1087 2282 1209 2322 una
1248 2306 2146 2320 .....................
2226 2307 2235 2315 .
2346 2261 2401 2332 1,

722 2367 790 2426 in
833 2385 987 2427 vase
1034 2365 1199 2425 bene
1248 2363 1466 2423 clauso
1513 2382 1628 2443 per
1670 2360 2009 2421 duodecim
2057 2360 2250 2419 horas

724 2487 992 2549 sepone3
1044 2467 1385 2546 diligenter
1431 2463 1872 2539 refrigerando

548 2574 757 2635 Partes
801 2572 1068 2633 undecim
1117 2613 2235 2628 ..........................
2305 2569 2333 2623 l
2348 2569 2377 2623 1

727 2682 908 2734 caute
957 2673 1211 2733 destilla
1258 2674 1324 2731 in
1369 2669 1871 2749 receptaculum,
1922 2667 2090 2746 quod

548 2777 832 2858 Spiritus
867 2782 1107 2857 partem
1153 2794 1335 2835 unam
1384 2818 2235 2831 ....................
2349 2774 2372 2827 l

728 2881 1028 2941 continet.
1103 2877 1425 2953 Quantum
1460 2875 1545 2945 id,
1597 2873 1764 2952 quod
1806 2873 2249 2941 destinaveris,

727 2982 917 3043 Acidi
972 2980 1443 3061 hydrocyanici
1511 2978 1857 3046 contineat,
1926 2977 2249 3042 examina3

730 3085 966 3146 deinde
1007 3083 1179 3144 dilue
1226 3090 1409 3142 tanta
1456 3080 1810 3160 quantitate
1860 3079 2171 3136 mixturae
2221 3097 2253 3134 e

552 3189 834 3270 Spiritus
870 3192 1049 3267 parte
1093 3206 1215 3247 una
1256 3227 2238 3244 ......................
2351 3183 2372 3237 1

731 3299 793 3351 et

555 3400 774 3475 Aquae
815 3391 1086 3473 partibus
1132 3392 1382 3472 quinque
1430 3432 2235 3448 ...................
2345 3387 2382 3441 5
