<?xml version="1.0" encoding="UTF-8"?>
<!DOCTYPE html PUBLIC "-//W3C//DTD XHTML 1.0 Transitional//EN"
    "http://www.w3.org/TR/xhtml1/DTD/xhtml1-transitional.dtd">
<html xmlns="http://www.w3.org/1999/xhtml" xml:lang="en" lang="en">
 <head>
  <title>
</title>
<meta http-equiv="Content-Type" content="text/html;charset=utf-8" />
  <meta name='ocr-system' content='tesseract 3.04.00' />
  <meta name='ocr-capabilities' content='ocr_page ocr_carea ocr_par ocr_line ocrx_word'/>
</head>
<body>
  <div class='ocr_page' id='page_1' title='image "./pharmacopagerman00berluoft_0303.png"; bbox 0 0 2808 3996; ppageno 0'>
   <div class='ocr_carea' id='block_1_1' title="bbox 1360 252 1510 323">
    <p class='ocr_par' dir='ltr' id='par_1_1' title="bbox 1360 252 1510 323">
     <span class='ocr_line' id='line_1_1' title="bbox 1360 252 1510 323; baseline 0.007 -1"><span class='ocrx_word' id='word_1_1' title='bbox 1360 252 1510 323; x_wconf 79' lang='lat'>285</span> 
     </span>
    </p>
   </div>
   <div class='ocr_carea' id='block_1_2' title="bbox 422 425 2444 1541">
    <p class='ocr_par' dir='ltr' id='par_1_2' title="bbox 422 425 2444 1541">
     <span class='ocr_line' id='line_1_2' title="bbox 431 425 2444 514; baseline 0.006 -30"><span class='ocrx_word' id='word_1_2' title='bbox 431 425 641 485; x_wconf 85' lang='lat' dir='ltr'>calore</span> <span class='ocrx_word' id='word_1_3' title='bbox 684 425 762 485; x_wconf 89' lang='lat'>10</span> <span class='ocrx_word' id='word_1_4' title='bbox 806 425 891 486; x_wconf 85' lang='lat' dir='ltr'>ad</span> <span class='ocrx_word' id='word_1_5' title='bbox 935 427 1047 487; x_wconf 84' lang='lat'>150</span> <span class='ocrx_word' id='word_1_6' title='bbox 1090 427 1412 488; x_wconf 85' lang='lat' dir='ltr'>interdum</span> <span class='ocrx_word' id='word_1_7' title='bbox 1459 449 1888 510; x_wconf 86' lang='lat' dir='ltr'>conquassans</span> <span class='ocrx_word' id='word_1_8' title='bbox 1950 453 2202 514; x_wconf 82' lang='lat' dir='ltr'>sepone.</span> <span class='ocrx_word' id='word_1_9' title='bbox 2281 436 2444 496; x_wconf 92' lang='lat' dir='ltr'>Tum</span> 
     </span>
     <span class='ocr_line' id='line_1_3' title="bbox 430 527 2443 617; baseline 0.005 -30"><span class='ocrx_word' id='word_1_10' title='bbox 430 545 533 598; x_wconf 90' lang='lat' dir='ltr'>e0,</span> <span class='ocrx_word' id='word_1_11' title='bbox 581 527 757 606; x_wconf 89' lang='lat' dir='ltr'>quod</span> <span class='ocrx_word' id='word_1_12' title='bbox 800 547 954 588; x_wconf 83' lang='lat' dir='ltr'>vase</span> <span class='ocrx_word' id='word_1_13' title='bbox 1002 531 1385 602; x_wconf 80' lang='lat' dir='ltr'>continetur,</span> <span class='ocrx_word' id='word_1_14' title='bbox 1432 533 1499 591; x_wconf 92' lang='lat' dir='ltr'>in</span> <span class='ocrx_word' id='word_1_15' title='bbox 1537 533 1878 612; x_wconf 74' lang='lat' dir='ltr'>parvulum</span> <span class='ocrx_word' id='word_1_16' title='bbox 1910 534 2145 595; x_wconf 88' lang='lat' dir='ltr'>filtrum</span> <span class='ocrx_word' id='word_1_17' title='bbox 2175 555 2443 617; x_wconf 91' lang='lat' dir='ltr'>pensum</span> 
     </span>
     <span class='ocr_line' id='line_1_4' title="bbox 425 625 2443 716; baseline 0.004 -28"><span class='ocrx_word' id='word_1_18' title='bbox 425 625 747 710; x_wconf 69' lang='lat' dir='ltr'>(octoyz‘nta</span> <span class='ocrx_word' id='word_1_19' title='bbox 813 629 1273 692; x_wconf 78' lang='lat' dir='ltr'>millimetrorum</span> <span class='ocrx_word' id='word_1_20' title='bbox 1335 632 1664 711; x_wconf 85' lang='lat' dir='ltr'>diametro)</span> <span class='ocrx_word' id='word_1_21' title='bbox 1733 636 2069 696; x_wconf 85' lang='lat' dir='ltr'>translato:</span> <span class='ocrx_word' id='word_1_22' title='bbox 2144 639 2443 716; x_wconf 86' lang='lat' dir='ltr'>crystalla</span> 
     </span>
     <span class='ocr_line' id='line_1_5' title="bbox 426 729 2443 814; baseline 0.004 -25"><span class='ocrx_word' id='word_1_23' title='bbox 426 729 779 810; x_wconf 89' lang='lat' dir='ltr'>Morphini,</span> <span class='ocrx_word' id='word_1_24' title='bbox 829 750 994 811; x_wconf 87' lang='lat' dir='ltr'>quae</span> <span class='ocrx_word' id='word_1_25' title='bbox 1039 732 1289 812; x_wconf 85' lang='lat' dir='ltr'>liquore</span> <span class='ocrx_word' id='word_1_26' title='bbox 1336 734 1599 814; x_wconf 81' lang='lat' dir='ltr'>delapso</span> <span class='ocrx_word' id='word_1_27' title='bbox 1646 739 2091 808; x_wconf 83' lang='lat' dir='ltr'>remanserint,</span> <span class='ocrx_word' id='word_1_28' title='bbox 2141 741 2443 798; x_wconf 85' lang='lat' dir='ltr'>mixtione</span> 
     </span>
     <span class='ocr_line' id='line_1_6' title="bbox 427 832 2444 918; baseline 0.004 -27"><span class='ocrx_word' id='word_1_29' title='bbox 427 851 506 891; x_wconf 81' lang='lat' dir='ltr'>ex</span> <span class='ocrx_word' id='word_1_30' title='bbox 530 832 800 912; x_wconf 87' lang='lat' dir='ltr'>Spiritus</span> <span class='ocrx_word' id='word_1_31' title='bbox 835 833 1036 904; x_wconf 86' lang='lat' dir='ltr'>diluti,</span> <span class='ocrx_word' id='word_1_32' title='bbox 1071 835 1314 913; x_wconf 84' lang='lat' dir='ltr'>Aquae,</span> <span class='ocrx_word' id='word_1_33' title='bbox 1347 836 1642 896; x_wconf 90' lang='lat' dir='ltr'>Aetheris</span> <span class='ocrx_word' id='word_1_34' title='bbox 1674 837 2069 915; x_wconf 84' lang='lat' dir='ltr'>singulorum</span> <span class='ocrx_word' id='word_1_35' title='bbox 2095 842 2444 918; x_wconf 72' lang='lat' dir='ltr'>yrammatis</span> 
     </span>
     <span class='ocr_line' id='line_1_7' title="bbox 428 932 2437 1009; baseline 0.003 -16"><span class='ocrx_word' id='word_1_36' title='bbox 428 932 571 1009; x_wconf 75' lang='lat' dir='ltr'>binis</span> <span class='ocrx_word' id='word_1_37' title='bbox 595 943 928 994; x_wconf 79' lang='lat' dir='ltr'>constante</span> <span class='ocrx_word' id='word_1_38' title='bbox 951 935 1050 995; x_wconf 88' lang='lat' dir='ltr'>bis</span> <span class='ocrx_word' id='word_1_39' title='bbox 1076 936 1263 1008; x_wconf 87' lang='lat' dir='ltr'>eluta,</span> <span class='ocrx_word' id='word_1_40' title='bbox 1299 956 1426 996; x_wconf 87' lang='lat' dir='ltr'>una</span> <span class='ocrx_word' id='word_1_41' title='bbox 1451 957 1595 997; x_wconf 90' lang='lat' dir='ltr'>cum</span> <span class='ocrx_word' id='word_1_42' title='bbox 1626 937 1793 997; x_wconf 88' lang='lat' dir='ltr'>filtro</span> <span class='ocrx_word' id='word_1_43' title='bbox 1827 939 2035 998; x_wconf 87' lang='lat' dir='ltr'>calore</span> <span class='ocrx_word' id='word_1_44' title='bbox 2065 939 2226 998; x_wconf 89' lang='lat'>1000</span> <span class='ocrx_word' id='word_1_45' title='bbox 2257 942 2437 999; x_wconf 84' lang='lat' dir='ltr'>sicca.</span> 
     </span>
     <span class='ocr_line' id='line_1_8' title="bbox 425 1035 2441 1121; baseline 0.003 -27"><span class='ocrx_word' id='word_1_46' title='bbox 425 1035 620 1115; x_wconf 86' lang='lat' dir='ltr'>Cujus</span> <span class='ocrx_word' id='word_1_47' title='bbox 689 1037 1017 1117; x_wconf 88' lang='lat' dir='ltr'>Morphini</span> <span class='ocrx_word' id='word_1_48' title='bbox 1090 1038 1343 1118; x_wconf 85' lang='lat' dir='ltr'>pondus</span> <span class='ocrx_word' id='word_1_49' title='bbox 1413 1058 1493 1098; x_wconf 91' lang='lat' dir='ltr'>ne</span> <span class='ocrx_word' id='word_1_50' title='bbox 1554 1041 1636 1099; x_wconf 90' lang='lat' dir='ltr'>sit</span> <span class='ocrx_word' id='word_1_51' title='bbox 1701 1042 1910 1099; x_wconf 88' lang='lat' dir='ltr'>minus</span> <span class='ocrx_word' id='word_1_52' title='bbox 1978 1059 2171 1118; x_wconf 89' lang='lat' dir='ltr'>quam</span> <span class='ocrx_word' id='word_1_53' title='bbox 2242 1061 2441 1121; x_wconf 73' lang='lat' dir='ltr'>yram-</span> 
     </span>
     <span class='ocr_line' id='line_1_9' title="bbox 422 1137 864 1215; baseline 0 -17"><span class='ocrx_word' id='word_1_54' title='bbox 422 1144 647 1199; x_wconf 83' lang='lat' dir='ltr'>matum</span> <span class='ocrx_word' id='word_1_55' title='bbox 694 1137 864 1215; x_wconf 87' lang='grc'><em>0,38.</em></span> 
     </span>
     <span class='ocr_line' id='line_1_10' title="bbox 601 1242 1148 1302; baseline 0.005 -3"><span class='ocrx_word' id='word_1_56' title='bbox 601 1242 802 1300; x_wconf 83' lang='lat' dir='ltr'>Caute</span> <span class='ocrx_word' id='word_1_57' title='bbox 846 1250 1148 1302; x_wconf 84' lang='lat' dir='ltr'>servetur.</span> 
     </span>
     <span class='ocr_line' id='line_1_11' title="bbox 773 1358 1754 1437; baseline -0.001 -20"><span class='ocrx_word' id='word_1_58' title='bbox 773 1358 967 1418; x_wconf 87' lang='lat' dir='ltr'>Dosis</span> <span class='ocrx_word' id='word_1_59' title='bbox 1013 1359 1289 1419; x_wconf 83' lang='lat' dir='ltr'>maxima</span> <span class='ocrx_word' id='word_1_60' title='bbox 1335 1359 1587 1437; x_wconf 80' lang='lat' dir='ltr'>singula</span> <span class='ocrx_word' id='word_1_61' title='bbox 1642 1364 1754 1435; x_wconf 87' lang='lat'>1,5.</span> 
     </span>
     <span class='ocr_line' id='line_1_12' title="bbox 774 1460 1758 1541; baseline -0.001 -22"><span class='ocrx_word' id='word_1_62' title='bbox 774 1460 966 1520; x_wconf 90' lang='lat' dir='ltr'>Dosis</span> <span class='ocrx_word' id='word_1_63' title='bbox 1011 1461 1288 1521; x_wconf 83' lang='lat' dir='ltr'>maxima</span> <span class='ocrx_word' id='word_1_64' title='bbox 1330 1481 1447 1541; x_wconf 86' lang='lat' dir='ltr'>pro</span> <span class='ocrx_word' id='word_1_65' title='bbox 1494 1462 1596 1521; x_wconf 85' lang='lat' dir='ltr'>die</span> <span class='ocrx_word' id='word_1_66' title='bbox 1642 1466 1758 1538; x_wconf 83' lang='lat'>5,0.</span> 
     </span>
    </p>
   </div>
   <div class='ocr_carea' id='block_1_3' title="bbox 815 1678 2042 1792">
    <p class='ocr_par' dir='ltr' id='par_1_3' title="bbox 815 1678 2042 1792">
     <span class='ocr_line' id='line_1_13' title="bbox 815 1678 2042 1792; baseline -0.002 -26"><span class='ocrx_word' id='word_1_67' title='bbox 815 1680 1273 1766; x_wconf 81' lang='lat' dir='ltr'>Tinctura</span> <span class='ocrx_word' id='word_1_68' title='bbox 1332 1679 1554 1792; x_wconf 72' lang='lat' dir='ltr'>opii</span> <span class='ocrx_word' id='word_1_69' title='bbox 1615 1678 2042 1792; x_wconf 87' lang='lat' dir='ltr'>simplex.</span> 
     </span>
    </p>
   </div>
   <div class='ocr_carea' id='block_1_4' title="bbox 596 1842 2513 2333">
    <p class='ocr_par' dir='ltr' id='par_1_4' title="bbox 596 1842 2513 2333">
     <span class='ocr_line' id='line_1_14' title="bbox 773 1842 909 1902; baseline 0.007 -1"><span class='ocrx_word' id='word_1_70' title='bbox 773 1842 872 1902; x_wconf 83' lang='lat' dir='ltr'>Ex</span> <span class='ocrx_word' id='word_1_71' title='bbox 904 1888 909 1893; x_wconf 86' lang='lat'>-</span> 
     </span>
     <span class='ocr_line' id='line_1_15' title="bbox 598 1944 2438 2026; baseline -0.003 -20"><span class='ocrx_word' id='word_1_72' title='bbox 598 1944 747 2026; x_wconf 80' lang='lat' dir='ltr'>Opii</span> <span class='ocrx_word' id='word_1_73' title='bbox 790 1944 1110 2025; x_wconf 83' lang='lat' dir='ltr'>pulverati</span> <span class='ocrx_word' id='word_1_74' title='bbox 1141 1951 1322 2025; x_wconf 75' lang='lat' dir='ltr'>parte</span> <span class='ocrx_word' id='word_1_75' title='bbox 1366 1965 1488 2006; x_wconf 77' lang='lat' dir='ltr'>una</span> <span class='ocrx_word' id='word_1_76' title='bbox 1516 1991 2317 2003; x_wconf 85' lang='lat'><strong>...................</strong></span> <span class='ocrx_word' id='word_1_77' title='bbox 2382 1947 2438 2018; x_wconf 89' lang='lat'>1,</span> 
     </span>
     <span class='ocr_line' id='line_1_16' title="bbox 597 2046 2437 2128; baseline -0.003 -19"><span class='ocrx_word' id='word_1_78' title='bbox 597 2047 879 2128; x_wconf 86' lang='lat' dir='ltr'>Spiritus</span> <span class='ocrx_word' id='word_1_79' title='bbox 927 2046 1110 2107; x_wconf 85' lang='lat' dir='ltr'>diluti</span> <span class='ocrx_word' id='word_1_80' title='bbox 1141 2046 1420 2126; x_wconf 75' lang='lat' dir='ltr'>partibus</span> <span class='ocrx_word' id='word_1_81' title='bbox 1466 2048 1718 2128; x_wconf 76' lang='lat' dir='ltr'>quinque</span> <span class='ocrx_word' id='word_1_82' title='bbox 1734 2093 2315 2104; x_wconf 90' lang='grc'><strong>..............</strong></span> <span class='ocrx_word' id='word_1_83' title='bbox 2378 2049 2437 2117; x_wconf 89' lang='lat'>5,</span> 
     </span>
     <span class='ocr_line' id='line_1_17' title="bbox 596 2149 2513 2232; baseline -0.003 -21"><span class='ocrx_word' id='word_1_84' title='bbox 596 2155 817 2230; x_wconf 84' lang='lat' dir='ltr'>Aquae</span> <span class='ocrx_word' id='word_1_85' title='bbox 847 2149 1129 2232; x_wconf 75' lang='lat' dir='ltr'>partibus</span> <span class='ocrx_word' id='word_1_86' title='bbox 1174 2151 1425 2231; x_wconf 77' lang='lat' dir='ltr'>quinque</span> <span class='ocrx_word' id='word_1_87' title='bbox 1472 2195 2314 2207; x_wconf 91' lang='grc'><strong>....................</strong></span> <span class='ocrx_word' id='word_1_88' title='bbox 2376 2150 2414 2206; x_wconf 89' lang='lat'>5</span> <span class='ocrx_word' id='word_1_89' title='bbox 2511 2165 2513 2167; x_wconf 85' lang='lat'>·</span> 
     </span>
     <span class='ocr_line' id='line_1_18' title="bbox 771 2252 1083 2333; baseline -0.003 -21"><span class='ocrx_word' id='word_1_90' title='bbox 771 2252 1083 2333; x_wconf 86' lang='lat' dir='ltr'>paranda.</span> 
     </span>
    </p>
   </div>
   <div class='ocr_carea' id='block_1_5' title="bbox 405 2351 2437 3467">
    <p class='ocr_par' dir='ltr' id='par_1_5' title="bbox 405 2351 2437 2848">
     <span class='ocr_line' id='line_1_19' title="bbox 507 2351 2436 2429; baseline -0.004 -13"><span class='ocrx_word' id='word_1_91' title='bbox 507 2355 813 2416; x_wconf 87' lang='lat' dir='ltr'>Tinctura</span> <span class='ocrx_word' id='word_1_92' title='bbox 867 2355 1096 2415; x_wconf 89' lang='lat' dir='ltr'>coloris</span> <span class='ocrx_word' id='word_1_93' title='bbox 1153 2374 1186 2414; x_wconf 93' lang='lat' dir='ltr'>e</span> <span class='ocrx_word' id='word_1_94' title='bbox 1240 2354 1558 2414; x_wconf 89' lang='lat' dir='ltr'>subrubro</span> <span class='ocrx_word' id='word_1_95' title='bbox 1611 2352 1795 2424; x_wconf 90' lang='lat' dir='ltr'>fusci,</span> <span class='ocrx_word' id='word_1_96' title='bbox 1854 2351 2067 2412; x_wconf 87' lang='lat' dir='ltr'>odoris</span> <span class='ocrx_word' id='word_1_97' title='bbox 2121 2351 2286 2429; x_wconf 89' lang='lat' dir='ltr'>Opii‚</span> <span class='ocrx_word' id='word_1_98' title='bbox 2343 2371 2436 2410; x_wconf 88' lang='lat' dir='ltr'>sa-</span> 
     </span>
     <span class='ocr_line' id='line_1_20' title="bbox 420 2454 2171 2539; baseline -0.004 -21"><span class='ocrx_word' id='word_1_99' title='bbox 420 2460 594 2539; x_wconf 87' lang='lat' dir='ltr'>poris</span> <span class='ocrx_word' id='word_1_100' title='bbox 641 2460 860 2530; x_wconf 88' lang='lat' dir='ltr'>amari,</span> <span class='ocrx_word' id='word_1_101' title='bbox 917 2457 1220 2538; x_wconf 88' lang='lat' dir='ltr'>ponderis</span> <span class='ocrx_word' id='word_1_102' title='bbox 1268 2456 1543 2537; x_wconf 89' lang='lat' dir='ltr'>specifici</span> <span class='ocrx_word' id='word_1_103' title='bbox 1592 2457 1779 2527; x_wconf 88' lang='lat'>0‚974</span> <span class='ocrx_word' id='word_1_104' title='bbox 1831 2454 1914 2514; x_wconf 89' lang='lat' dir='ltr'>ad</span> <span class='ocrx_word' id='word_1_105' title='bbox 1955 2455 2171 2525; x_wconf 82' lang='grc'><strong>’0,978.</strong></span> 
     </span>
     <span class='ocr_line' id='line_1_21' title="bbox 405 2557 2436 2643; baseline -0.003 -23"><span class='ocrx_word' id='word_1_106' title='bbox 405 2572 439 2602; x_wconf 80' lang='lat'>⁸</span> <span class='ocrx_word' id='word_1_107' title='bbox 509 2561 581 2619; x_wconf 91' lang='lat' dir='ltr'>In</span> <span class='ocrx_word' id='word_1_108' title='bbox 643 2562 997 2643; x_wconf 58' lang='lat' dir='ltr'>yrammatzk</span> <span class='ocrx_word' id='word_1_109' title='bbox 1063 2565 1285 2620; x_wconf 72' lang='lat' dir='ltr'>centum</span> <span class='ocrx_word' id='word_1_110' title='bbox 1347 2567 1595 2638; x_wconf 88' lang='lat' dir='ltr'>partem</span> <span class='ocrx_word' id='word_1_111' title='bbox 1656 2557 1991 2617; x_wconf 86' lang='lat' dir='ltr'>solubilem</span> <span class='ocrx_word' id='word_1_112' title='bbox 2039 2560 2436 2637; x_wconf 65' lang='lat' dir='ltr'>yrcz‘tmnaffum</span> 
     </span>
     <span class='ocr_line' id='line_1_22' title="bbox 422 2656 2437 2742; baseline -0.005 -19"><span class='ocrx_word' id='word_1_113' title='bbox 422 2665 670 2723; x_wconf 76' lang='lat' dir='ltr'>circiter</span> <span class='ocrx_word' id='word_1_114' title='bbox 701 2662 896 2724; x_wconf 81' lang='lat' dir='ltr'>decem</span> <span class='ocrx_word' id='word_1_115' title='bbox 929 2663 1071 2742; x_wconf 92' lang='lat' dir='ltr'>Opii</span> <span class='ocrx_word' id='word_1_116' title='bbox 1106 2663 1413 2732; x_wconf 88' lang='lat' dir='ltr'>continet,</span> <span class='ocrx_word' id='word_1_117' title='bbox 1448 2660 1517 2721; x_wconf 89' lang='lat' dir='ltr'>id</span> <span class='ocrx_word' id='word_1_118' title='bbox 1542 2658 1716 2740; x_wconf 89' lang='lat' dir='ltr'>quod</span> <span class='ocrx_word' id='word_1_119' title='bbox 1746 2656 2088 2739; x_wconf 85' lang='lat' dir='ltr'>respondet</span> <span class='ocrx_word' id='word_1_120' title='bbox 2118 2656 2437 2735; x_wconf 85' lang='lat' dir='ltr'>Morphini</span> 
     </span>
     <span class='ocr_line' id='line_1_23' title="bbox 414 2763 1406 2848; baseline -0.003 -22"><span class='ocrx_word' id='word_1_121' title='bbox 414 2767 742 2848; x_wconf 74' lang='lat' dir='ltr'>yrammatz‘</span> <span class='ocrx_word' id='word_1_122' title='bbox 781 2763 1246 2845; x_wconf 87' lang='lat' dir='ltr'>propemodum</span> <span class='ocrx_word' id='word_1_123' title='bbox 1291 2765 1406 2823; x_wconf 79' lang='lat' dir='ltr'>uni.</span> 
     </span>
    </p>

    <p class='ocr_par' dir='ltr' id='par_1_6' title="bbox 419 2860 2435 3151">
     <span class='ocr_line' id='line_1_24' title="bbox 512 2860 2435 2947; baseline -0.007 -19"><span class='ocrx_word' id='word_1_124' title='bbox 512 2868 862 2928; x_wconf 78' lang='lat' dir='ltr'>Grammczla</span> <span class='ocrx_word' id='word_1_125' title='bbox 909 2866 1333 2947; x_wconf 69' lang='lat' dir='ltr'>quadrayinta,</span> <span class='ocrx_word' id='word_1_126' title='bbox 1384 2866 1436 2924; x_wconf 89' lang='lat' dir='ltr'>si</span> <span class='ocrx_word' id='word_1_127' title='bbox 1484 2884 1557 2924; x_wconf 93' lang='lat' dir='ltr'>eo</span> <span class='ocrx_word' id='word_1_128' title='bbox 1604 2863 1824 2933; x_wconf 88' lang='lat' dir='ltr'>mod0‚</span> <span class='ocrx_word' id='word_1_129' title='bbox 1873 2863 1981 2941; x_wconf 89' lang='lat' dir='ltr'>qui</span> <span class='ocrx_word' id='word_1_130' title='bbox 2026 2860 2101 2919; x_wconf 76' lang='lat' dir='ltr'>de</span> <span class='ocrx_word' id='word_1_131' title='bbox 2134 2860 2435 2918; x_wconf 78' lang='lat' dir='ltr'>Tinctura</span> 
     </span>
     <span class='ocr_line' id='line_1_25' title="bbox 421 2962 2433 3050; baseline -0.006 -21"><span class='ocrx_word' id='word_1_132' title='bbox 421 2971 563 3050; x_wconf 91' lang='lat' dir='ltr'>Opii</span> <span class='ocrx_word' id='word_1_133' title='bbox 612 2978 866 3029; x_wconf 90' lang='lat' dir='ltr'>crocata</span> <span class='ocrx_word' id='word_1_134' title='bbox 911 2969 1339 3048; x_wconf 82' lang='lat' dir='ltr'>praescriptus</span> <span class='ocrx_word' id='word_1_135' title='bbox 1389 2975 1506 3037; x_wconf 84' lang='lat' dir='ltr'>est,</span> <span class='ocrx_word' id='word_1_136' title='bbox 1562 2966 2047 3033; x_wconf 78' lang='lat' dir='ltr'>examinaveris,</span> <span class='ocrx_word' id='word_1_137' title='bbox 2106 2982 2181 3019; x_wconf 84' lang='lat' dir='ltr'>ne</span> <span class='ocrx_word' id='word_1_138' title='bbox 2232 2962 2433 3018; x_wconf 83' lang='lat' dir='ltr'>minus</span> 
     </span>
     <span class='ocr_line' id='line_1_26' title="bbox 419 3064 1974 3151; baseline -0.006 -19"><span class='ocrx_word' id='word_1_139' title='bbox 419 3072 743 3151; x_wconf 88' lang='lat' dir='ltr'>Morphini</span> <span class='ocrx_word' id='word_1_140' title='bbox 788 3070 1141 3150; x_wconf 86' lang='lat' dir='ltr'>praebeant</span> <span class='ocrx_word' id='word_1_141' title='bbox 1186 3088 1377 3147; x_wconf 87' lang='lat' dir='ltr'>quam</span> <span class='ocrx_word' id='word_1_142' title='bbox 1421 3072 1762 3148; x_wconf 70' lang='lat' dir='ltr'>yrammata</span> <span class='ocrx_word' id='word_1_143' title='bbox 1806 3064 1974 3141; x_wconf 74' lang='lat'>0,38.</span> 
     </span>
    </p>

    <p class='ocr_par' dir='ltr' id='par_1_7' title="bbox 510 3175 1058 3233">
     <span class='ocr_line' id='line_1_27' title="bbox 510 3175 1058 3233; baseline -0.007 0"><span class='ocrx_word' id='word_1_144' title='bbox 510 3175 710 3233; x_wconf 81' lang='lat' dir='ltr'>Caute</span> <span class='ocrx_word' id='word_1_145' title='bbox 757 3180 1058 3232; x_wconf 84' lang='lat' dir='ltr'>servetur.</span> 
     </span>
    </p>

    <p class='ocr_par' dir='ltr' id='par_1_8' title="bbox 776 3285 1764 3467">
     <span class='ocr_line' id='line_1_28' title="bbox 776 3285 1751 3362; baseline -0.005 -15"><span class='ocrx_word' id='word_1_146' title='bbox 776 3288 966 3348; x_wconf 88' lang='lat' dir='ltr'>Dosis</span> <span class='ocrx_word' id='word_1_147' title='bbox 1013 3286 1289 3346; x_wconf 82' lang='lat' dir='ltr'>maxima</span> <span class='ocrx_word' id='word_1_148' title='bbox 1334 3285 1588 3362; x_wconf 81' lang='lat' dir='ltr'>singula</span> <span class='ocrx_word' id='word_1_149' title='bbox 1638 3288 1751 3359; x_wconf 87' lang='lat'>1,5.</span> 
     </span>
     <span class='ocr_line' id='line_1_29' title="bbox 776 3385 1764 3467; baseline -0.007 -17"><span class='ocrx_word' id='word_1_150' title='bbox 776 3389 968 3451; x_wconf 83' lang='lat' dir='ltr'>Dosis</span> <span class='ocrx_word' id='word_1_151' title='bbox 1014 3388 1291 3448; x_wconf 83' lang='lat' dir='ltr'>maxima</span> <span class='ocrx_word' id='word_1_152' title='bbox 1335 3405 1452 3467; x_wconf 86' lang='lat' dir='ltr'>pro</span> <span class='ocrx_word' id='word_1_153' title='bbox 1499 3385 1599 3446; x_wconf 86' lang='lat' dir='ltr'>die</span> <span class='ocrx_word' id='word_1_154' title='bbox 1647 3388 1764 3461; x_wconf 87' lang='lat'><strong>5‚0.</strong></span> 
     </span>
    </p>
   </div>
  </div>
 </body>
</html>
