2808 3996
1257 225 1387 275 VIII

320 398 558 476 tantia,
614 418 654 462 a
691 395 935 485 quibus
989 394 1253 460 initium
1308 391 1566 460 factum
1622 402 1788 475 erat,
1845 395 2180 486 simulque
2231 398 2331 464 in-

322 531 538 596 dicem
591 528 1242 594 medicamentorum
1298 526 1654 615 dignorum
1710 550 1885 616 quae
1940 538 2060 594 aut
2097 530 2329 618 rejice-

319 672 546 728 rentur
599 670 720 727 aut
771 682 953 726 nova
987 659 1464 748 reciperentur,
1519 658 1770 748 publici
1816 660 1983 748 juris
2021 660 2333 763 facienda

321 815 495 875 esse3
534 793 777 860 deinde
815 814 950 871 eos,
990 791 1106 880 qui
1143 791 1478 879 ejusmodi
1511 814 1735 857 rerum
1770 792 1964 881 periti
2000 803 2185 874 sunt,
2221 818 2330 860 ro-

318 928 578 1017 gandos
635 948 810 1004 esse,
873 933 952 990 ut
1005 923 1166 1013 quid
1221 924 1304 990 de
1356 923 1433 988 iis
1480 923 1925 1011 judicandum
1981 938 2334 994 censerent

321 1060 811 1148 eloquerentur.
869 1057 1019 1138 Qua
1046 1080 1118 1123 re
1157 1055 1483 1123 effectum
1509 1065 1630 1136 est,
1668 1066 1748 1122 ut
1781 1057 2024 1123 iterum
2054 1060 2333 1126 materia

320 1192 596 1282 copiosa
625 1201 832 1280 atque
860 1190 1045 1256 varia
1071 1198 1436 1280 pararetur,
1473 1189 1544 1255 in
1573 1212 1710 1279 qua
1731 1192 2157 1280 congerenda
2184 1192 2334 1282 plu-

317 1324 496 1390 rimis
537 1323 971 1390 societatibus
1024 1323 1443 1389 medicorum
1490 1331 1558 1388 et
1608 1322 2331 1413 pharmacopoeorum,

320 1481 495 1546 quae
528 1457 598 1522 in
627 1455 987 1522 Germania
1026 1464 1283 1534 extant,
1311 1478 1507 1521 suam
1543 1464 1808 1544 partem
1844 1455 2095 1523 habere
2130 1457 2331 1524 licuit.

470 1589 779 1668 Accedit,
833 1590 1046 1677 quod,
1103 1588 1310 1655 altero
1367 1589 1668 1677 quodam
1722 1589 1998 1655 consilio
2056 1612 2142 1656 ex
2194 1614 2336 1658 me-

321 1722 481 1790 dicis
534 1722 765 1811 reique
815 1721 1253 1789 veterinariae
1308 1720 1727 1788 curatoribus
1774 1722 2138 1812 separatim
2177 1745 2336 1790 con-

317 1864 589 1935 vocat0,
641 1855 775 1921 hoc
820 1854 1023 1921 etiam
1069 1853 1511 1943 dijudicatum
1566 1863 1695 1934 est,
1749 1877 1925 1943 quae
1972 1855 2335 1945 qualiaque

321 2012 406 2055 ex
458 1987 999 2067 medicamentiS,
1064 2009 1240 2076 quae
1301 2009 1444 2052 non
1497 1985 1758 2052 faciunt
1808 1987 1938 2053 nisi
1991 1988 2079 2055 ad
2130 2010 2336 2054 usum

317 2120 818 2200 veterinarium,
872 2119 1031 2186 huic
1086 2119 1299 2186 codici
1350 2119 1710 2186 inserenda
1765 2129 2010 2187 essent.

472 2253 782 2343 Denique
838 2252 1194 2319 consilium
1256 2253 1343 2318 ad
1403 2252 1952 2342 perscribendam
2011 2253 2335 2320 Pharma-

321 2409 652 2477 copoeam
706 2385 1154 2452 constitutum
1207 2407 1491 2452 necesse
1545 2385 1809 2465 habuit,
1874 2386 2212 2453 chemicos
2269 2395 2340 2454 et

319 2520 925 2609 pharmacoponS,
964 2518 1080 2607 qui
1106 2518 1317 2607 ipsius
1348 2518 1509 2584 socii
1535 2527 1781 2598 essent,
1820 2518 2084 2608 singula
2110 2495 2337 2608 capita

319 2653 413 2718 ita
464 2660 778 2731 tractare,
833 2660 911 2717 ut
965 2660 1178 2718 artem
1234 2651 1529 2717 criticam
1576 2673 1786 2740 quam
1830 2650 2337 2718 subtilissimam

323 2784 744 2863 adhiberent,
808 2783 971 2873 quin
1034 2784 1263 2863 etiam,
1327 2783 1383 2850 si
1442 2806 1547 2850 res
1600 2783 2000 2873 postularet,
2073 2783 2336 2873 experi-

322 2926 556 2984 menta
614 2916 1066 2983 instituerent:
1140 2938 1316 3005 quae
1388 2916 1664 3005 quidem
1723 2938 1828 2983 res
1889 2915 2337 3007 prosperrime

323 3050 445 3116 illis
501 3048 842 3116 successit.
2100 3024 2102 3026 Ι

477 3181 563 3248 Iis
616 3203 775 3248 vero
832 3180 1163 3260 adhibitiS,
1220 3204 1397 3270 quae
1450 3181 1582 3247 hoc
1635 3182 1841 3248 modo
1899 3190 2223 3271 congesta
2271 3189 2340 3247 et

325 3325 470 3381 tam
524 3313 870 3403 diligenter
921 3323 1323 3402 praeparata
1379 3322 1585 3392 erant,
1639 3322 1718 3379 ut
1763 3312 1901 3380 fere
1943 3313 2202 3379 nullam
2247 3312 2340 3379 rei

327 3445 714 3537 propositae
765 3453 1030 3534 partem
1079 3444 1405 3511 intactam
1446 3445 1926 3534 relinquerent,
1983 3444 2337 3511 consilium
