2808 3996
1343 225 1439 295 43

471 402 676 462 Aeido
724 402 1225 481 hydroehlorieo
1281 402 1643 482 superfuso,
1702 423 1783 463 ne
1832 404 2199 466 effervescat
2253 426 2415 467 neve

389 505 570 583 Aqua
627 513 984 585 expurgata
1032 524 1292 563 arenam
1338 506 1675 584 relinquat.

1225 724 1580 809 Borax.

470 884 790 965 Crystalla
843 885 949 945 vel
1004 884 1207 945 frusta
1241 886 1615 964 crystallina
1672 885 1862 958 dura,
1920 886 2096 958 alba,
2163 889 2230 947 in
2264 909 2413 968 pm·-

382 987 530 1049 tibus
604 988 985 1068 septendecim
1054 988 1280 1067 Aquae
1343 986 1646 1067 frigidae,
1728 990 1793 1047 in
1841 991 2110 1068 pondere
2179 991 2415 1050 de’mz'dio

383 1092 605 1171 Aquae
661 1091 1050 1161 ebullientis,
1106 1090 1426 1150 uberrime
1473 1092 1541 1149 in
1597 1090 1965 1170 GlycerinO,
2015 1113 2218 1171 neque
2265 1113 2414 1152 vero

381 1195 447 1252 in
493 1193 739 1274 Spiritu
785 1171 1107 1254 solubilia.

469 1297 717 1358 Solutio
767 1316 1010 1376 aquosa
1058 1296 1322 1356 chartae
1370 1296 1843 1376 exploratoriae
1888 1296 2123 1366 luteae,
2185 1299 2414 1376 exiguo

382 1400 586 1460 Aeido
642 1382 1143 1478 hydroehlorioo
1201 1398 1453 1468 additO,
1513 1397 1762 1457 suseum
1820 1398 2095 1457 colorem
2150 1399 2411 1458 inducit.

380 1503 595 1562 Borax
626 1521 819 1562 ansae
843 1500 935 1560 fili
977 1501 1244 1581 platinei
1293 1499 1525 1560 affixus
1557 1499 1884 1559 flammam
1914 1499 2149 1559 flavam
2183 1501 2412 1560 reddit.

469 1605 719 1666 Solutio
754 1618 998 1684 aquosa
1030 1605 1084 1680 (1
1103 1604 1294 1681 =50)
1327 1623 1407 1662 ne
1439 1603 1630 1682 Aqua
1662 1601 2219 1682 hydrosulfurata,
2255 1623 2417 1662 neve

383 1708 723 1768 Ammonio
759 1707 1101 1766 oarbonieo
1142 1713 1450 1776 mutetur,
1499 1724 1660 1764 neve
1692 1704 1900 1764 Aeido
1940 1706 2168 1763 nitrico
2203 1705 2416 1764 aeidu-

383 1812 513 1871 lata
577 1810 974 1880 effervescat3
1056 1808 1281 1868 addito
1362 1808 1575 1886 Baryo
1646 1808 1877 1867 nitrieo
1949 1814 2059 1866 aut
2136 1808 2416 1886 Argento

384 1915 636 1984 nitriCO,
700 1921 847 1992 post
905 1910 1356 1972 duodecimam
1412 1910 1611 1969 horae
1666 1916 1917 1989 partem
1973 1910 2417 1969 tantummodo

382 2016 724 2097 opaleseat.

1156 2189 1640 2275 Bromum.

470 2354 707 2433 Liquor
731 2355 976 2413 intense
1003 2371 1034 2411 e
1058 2350 1254 2410 rubro
1280 2349 1513 2421 fuscus,
1548 2349 1850 2419 volatiliS,
1885 2347 2187 2428 ponderis
2220 2349 2416 2427 speei-

385 2457 485 2517 fici
519 2458 620 2526 2,9
658 2455 739 2515 ad
779 2456 908 2525 3,0;
950 2454 1088 2536 Jam
1131 2453 1341 2513 ealore
1375 2453 1556 2522 aeris,
1606 2471 1879 2530 vapores
1922 2451 2150 2510 coloris
2186 2471 2217 2507 e
2250 2450 2415 2509 ssavo

365 2559 561 2623 ,rubri
609 2558 947 2629 exhalans,
999 2556 1337 2615 evanescit.
1441 2553 1724 2614 Solvitur
1770 2554 1836 2611 in
1884 2552 2106 2631 Aquae
2144 2551 2417 2631 partibus

383 2663 799 2745 qvtadrayinta,
843 2659 1029 2719 facile
1062 2658 1331 2718 solvitur
1363 2658 1427 2715 in
1459 2655 1719 2734 Spiritu,
1756 2654 2050 2725 Aethere,
2087 2654 2416 2713 Carboneo

384 2764 722 2835 sulfurato,
788 2760 1258 2822 Chloroformio
1316 2759 1524 2817 colore
1590 2759 1830 2815 intonso
1888 2775 1920 2814 e
1975 2756 2170 2815 rubro
2227 2755 2412 2814 flavo

474 2868 778 2927 Bromum
826 2866 892 2923 in
940 2864 1212 2942 Liquore
1253 2862 1439 2943 Natri
1489 2861 1747 2918 vaustiei
1799 2857 2063 2937 limpide
2111 2858 2412 2916 solvatur.

387 2970 635 3031 Solutio
694 2986 937 3046 aquosa
985 2966 1038 3038 (1
1086 2990 1160 3017 =
1200 2964 1333 3039 40),
1385 2981 1573 3040 quam
1642 2980 1782 3018 vum
1844 2960 2032 3018 Ferro
2086 2960 2415 3038 pulverum

389 3070 647 3133 abunde
696 3068 919 3129 addito
959 3066 1503 3145 conquassaveris,
1559 3064 1867 3141 liquorom
1909 3061 2232 3141 praebeat,
2282 3061 2412 3137 qui,

391 3183 452 3234 et
491 3175 723 3252 exiguo
756 3172 947 3230 Ferro
991 3167 1494 3246 sesqui‹·l1lo1·at‹›
1545 3173 1603 3222 (rt
1636 3162 2106 3222 (jhlorosormio
2155 3161 2413 3230 additis,

391 3279 541 3337 huie
588 3275 846 3354 quidem
897 3271 1173 3330 colorem
1221 3269 1574 3327 violaceum
1628 3285 1752 3324 non
1806 3265 2083 3323 inducat.

480 3381 682 3439 Caute
728 3384 1028 3434 servs-tur.

2007 3494 2062 3536 6.
