2808 3996
1415 245 1513 316 30

444 426 859 505 compositae,
911 432 1152 503 quanta
1188 421 1486 501 sufficiat,
1535 432 1607 484 ut
1637 424 1786 486 mille
1818 432 2027 506 partes
2072 447 2252 488 unam
2289 427 2468 487 Acidi

442 528 906 607 hydrocyanici
954 528 1336 586 contineant.

532 630 889 691 Grammatz’s
943 629 1142 710 viqirztz‘
1189 634 1405 708 septem
1450 628 1676 708 Aquae
1732 629 2244 711 Amygdalarum
2299 652 2471 692 ama-

439 753 655 793 rarum
681 752 823 792 cum
848 732 1274 814 quinquaqinta
1289 737 1567 813 quattuor
1582 732 1808 811 Aquae
1827 733 2046 793 dilutis
2066 742 2129 793 et
2142 735 2471 814 Ma.gnesio

438 835 712 915 hydrico
759 832 1114 915 pultiformi
1164 833 1325 894 adeo
1380 837 1776 914 temperatiS‚
1832 843 1906 895 ut
1960 837 2283 916 pellucida
2339 857 2471 898 esse
2576 904 2579 906 ,

441 938 766 1008 desinant,
811 942 1008 1018 yuttas
1054 935 1365 997 nonnullas
1406 935 1755 996 Solutionis
1787 938 1961 997 Kalii
2003 938 2310 999 chromici
2359 939 2470 1000 ad-

439 1042 649 1100 misce.
751 1039 916 1099 Tum
981 1039 1322 1118 Liquorem
1377 1038 1647 1118 Argenti
1707 1041 1923 1099 nitrici
1983 1041 2470 1102 volumetricum

439 1143 727 1215 affunde,
786 1142 993 1202 donec
1041 1141 1215 1201 color
1260 1141 1479 1213 ruber,
1530 1143 2031 1223 quotiescunque
2078 1152 2326 1223 guttam
2360 1145 2470 1205 ad—

428 1245 687 1326 jeceris,
747 1244 1034 1324 Argento
1093 1244 1416 1303 chromico
1467 1244 1751 1316 effectm,
1803 1246 2112 1324 agitando
2151 1245 2289 1327 jam
2338 1268 2471 1308 non

439 1355 794 1409 evanescat.
904 1347 1188 1407 Numero
1255 1347 1719 1408 centimetrorum
1787 1347 2122 1409 cubicorum
2178 1349 2470 1430 Liquoris

436 1450 701 1530 Argenti
749 1451 960 1509 uitrici
1004 1449 1432 1520 volumen-ici,
1484 1469 1643 1528 quos
1685 1450 2088 1521 adhibueriS‚
2141 1434 2284 1512 cum
2320 1453 2457 1524 0401

435 1554 859 1633 multiplicato
931 1552 1282 1623 indicatur,
1357 1560 1671 1631 quantum
1740 1553 1929 1613 Acidi
2001 1553 2470 1635 hydrocyanici

423 1662 631 1737 partes
677 1661 903 1716 centum
952 1657 1342 1714 contineant.

523 1759 712 1838 Aqua
742 1757 1256 1837 Amygdalarum
1299 1777 1663 1816 amararum
1711 1758 1793 1817 sit
1822 1757 2097 1838 limpida
2127 1760 2231 1819 vel
2263 1781 2469 1841 paene

435 1862 732 1942 limpida,
798 1861 1021 1921 Oleum
1067 1859 1582 1940 Amygdalarum
1646 1879 2007 1920 amararum
2075 1869 2135 1921 et
2190 1863 2467 1923 Acidum

434 1964 987 2045 hydrocyanicum
1013 1961 1259 2022 fortiter
1283 1963 1606 2033 redolens;
1642 1963 1802 2023 odor
1833 1963 1959 2034 ille,
1989 1964 2195 2024 Acido
2228 1965 2467 2045 hydro-

435 2070 702 2148 cyanico
750 2067 1018 2146 Argenti
1064 2067 1278 2125 nitrici
1325 2085 1447 2147 ope
1494 2065 1774 2137 sublato,
1847 2074 2063 2126 tamen
2118 2079 2463 2128 remaneat.

524 2173 723 2231 Caute
770 2176 1073 2230 servetur.

521 2273 746 2353 Aquae
777 2271 1243 2332 Lauro-Gerasi
1297 2271 1440 2331 loco
1486 2271 1676 2352 Aqua
1724 2271 2239 2352 Amygdalarum
2295 2294 2464 2333 ama·

432 2396 649 2436 rarum
698 2374 1137 2456 dispensanda
1185 2381 1295 2435 est.

786 2493 977 2552 Dosis
1023 2492 1301 2551 maxima
1348 2491 1604 2570 singula
1650 2495 1767 2569 2,st

786 2594 978 2654 Dosis
1024 2594 1303 2655 maxima
1347 2613 1464 2675 pro
1513 2594 1614 2653 die
1651 2597 1771 2671 8‚0.

1013 3020 1286 3132 Aqua
1347 3019 1871 3107 Calcariae.

611 3198 938 3258 Calcariae
982 3203 1164 3257 ustae
1197 3199 1370 3277 parti
1410 3198 1516 3258 um'
1526 3245 2250 3259 .................
2272 3240 2293 3258 ψ.
2402 3202 2460 3274 1,,

614 3305 829 3380 Aquae
861 3300 1138 3380 partibus
1184 3306 1459 3382 quattuor
1485 3347 2292 3360 ...................
2399 3303 2435 3359 4

789 3404 1163 3474 exstinctae,
1213 3405 1461 3482 agitans
1511 3403 1717 3484 adjice
