2808 3996
1397 277 1547 348 208

1149 514 1803 625 Phosphorus.

550 693 776 752 Frusta
809 693 1159 772 cylindrica
1193 691 1344 751 alba
1374 692 1481 750 vel
1512 690 1833 761 subflava,
1869 691 2091 749 nitoris
2125 690 2314 758 cere-i,
2358 687 2489 747 dia-

463 795 700 874 phana.
812 795 1233 873 Phosphorus
1295 793 1414 853 sub
1477 793 1666 872 Aqua
1728 794 1937 853 calore
1996 793 2118 852 440
2179 792 2488 870 liquescit,

464 900 607 956 aere
633 897 851 968 fumat,
881 897 1143 957 odorem
1168 897 1512 976 specialem
1539 897 1872 967 exhalans,
1901 895 2087 954 facile
2115 893 2489 962 exardescit,

461 1000 530 1058 in
572 999 842 1059 obscuro
885 1000 1072 1069 lucet,
1125 999 1362 1058 diutius
1403 1008 1693 1058 servatus
1736 999 2014 1058 colorem
2062 997 2348 1067 rubrum,
2400 996 2492 1053 in-

461 1102 715 1160 terdum
761 1102 868 1161 vel
913 1103 1169 1179 nigrum
1205 1101 1398 1160 ducit.
1479 1101 1554 1160 In
1587 1102 1774 1179 Aqua
1807 1121 1935 1160 nou
1968 1101 2254 1171 solvitur,
2304 1098 2492 1158 facile

461 1223 614 1263 vero
661 1206 730 1263 in
763 1204 1094 1264 Carboneo
1135 1203 1473 1274 sulfurato,
1526 1202 1850 1262 difficilius
1884 1205 1949 1261 in
1989 1204 2144 1262 oleis
2184 1202 2493 1261 sebacicis

465 1314 527 1366 et
572 1307 911 1378 aethereis,
961 1307 1254 1386 paullum
1301 1307 1367 1364 in
1409 1305 1650 1385 Spiritu
1699 1319 1760 1365 et
1807 1305 2099 1365 Aethere.

553 1409 934 1467 (lautissime
981 1409 1098 1467 sub
1148 1409 1362 1487 Aqua,
1414 1428 1452 1468 a
1498 1409 1639 1468 luce
1685 1419 1990 1480 remotim,
2041 1415 2341 1468 servetur.

816 1526 1008 1585 Dosis
1054 1526 1332 1585 maxima
1379 1526 1633 1599 singula
1681 1531 1874 1598 Qum.

817 1628 1009 1688 Dosis
1055 1628 1333 1688 maxima
1378 1648 1494 1708 pro
1543 1629 1644 1688 die
1690 1632 1885 1706 0‚005.

701 2010 1574 2123 Physosfigminum
1643 2011 2258 2126 salicylicum.

555 2187 875 2268 Crystalla
945 2190 1174 2249 coloris
1254 2191 1542 2269 expertia
1617 2191 1723 2249 vel
1791 2189 2349 2261 subflavescfflitia,
2428 2191 2494 2249 in

458 2291 731 2371 partibus
786 2297 1012 2352 centum
1074 2293 1498 2374 quinquaqinta
1554 2293 1806 2372 Aquae,
1872 2295 1939 2352 in
1994 2293 2297 2353 duodecim
2355 2294 2494 2373 Spi-

465 2396 623 2453 ritus
671 2395 989 2454 solubilia.
1087 2394 1196 2454 Sal
1229 2397 1492 2466 siccum,
1542 2396 1648 2454 vel
1680 2396 1809 2455 luci
1844 2397 2222 2475 expositum,
2261 2395 2494 2456 diutius

467 2498 786 2576 integrum
832 2505 1143 2567 remanet3
1193 2498 1425 2556 solutio
1474 2517 1716 2577 aquosa
1764 2506 1874 2558 aut
1919 2500 2263 2578 spirituosa
2306 2501 2495 2559 ctiam

467 2600 595 2659 luci
663 2600 985 2679 dispersae
1055 2602 1346 2679 exposita
1408 2601 1576 2660 intra
1647 2621 1886 2680 paucas
1957 2602 2150 2661 horas
2220 2603 2496 2662 colorem

468 2703 857 2762 subrubrum
904 2703 1120 2762 trahit.

557 2805 802 2866 Solutio
860 2788 1138 2885 aquosa,
1181 2805 1405 2866 addito
1452 2807 1726 2885 Liquere
1779 2806 1951 2866 Ferri
2008 2808 2497 2887 sesqu'ichlorati

470 2908 699 2980 diluto,
769 2910 1046 2968 colorem
1101 2910 1462 2968 violaceum
1522 2910 1724 2980 ducit,
1776 2909 2104 2969 Solutione
2160 2911 2310 2971 ,lodi
2368 2920 2494 2970 tur-

469 3012 676 3070 batur.
781 3012 1026 3071 Solutio
1082 3011 1288 3071 Acido
1353 3011 1656 3071 sulfurico
1720 3022 1948 3092 parata
2019 3015 2195 3073 initio
2267 3015 2496 3074 coloris

471 3133 696 3193 expers
746 3122 862 3184 est,
912 3122 1138 3194 postea
1186 3115 1463 3174 colorem
1511 3114 1751 3174 flavum
1801 3115 1992 3175 ducit.

559 3217 964 3292 (lautissime,
1015 3237 1052 3275 a
1099 3218 1238 3276 luce
1284 3226 1626 3288 remotum,
1677 3227 1979 3279 servetur.

822 3334 1014 3393 Dosis
1061 3334 1337 3393 maxima
1386 3334 1639 3411 singula
1686 3338 1877 3410 Qum.

823 3435 1015 3495 Dosis
1062 3437 1340 3495 maxima
1385 3455 1502 3516 pro
1550 3437 1651 3495 die
1699 3441 1891 3514 09003.
