2808 3996
1467 275 1567 345 94

1077 599 1636 685 Extractum
1696 598 1978 684 Rhei.

687 774 945 834 Radieis
994 775 1155 834 Rhei
1185 781 1396 855 partes
1441 777 1642 857 vz‘yz‘ntz·
1693 823 2368 835 ................
2429 778 2512 837 20

687 877 966 957 Spiritus
999 877 1277 957 partibus
1322 879 1750 960 quadrayz'nta.
1784 926 1794 935 .
1827 926 1837 936 .
1872 926 1882 936 .
1916 926 1926 936 .
1960 926 1970 936 .
2005 927 2015 936 .
2048 926 2058 936 .
2093 926 2104 936 .
2137 926 2148 936 .
2182 908 2193 936 .·
2227 926 2237 936 .
2271 926 2281 936 .
2315 926 2325 936 .
2359 926 2369 936 .
2431 880 2513 940 40

866 963 925 1038 e't

684 1085 903 1160 Aquae
935 1082 1213 1161 partibus
1257 1084 1558 1164 seoeayzbzta
1607 1131 2365 1142 ..................
2431 1086 2514 1143 60

861 1186 1026 1243 inter
1073 1205 1138 1244 se
1186 1187 1403 1244 mixtis
1451 1204 1707 1244 macera
1752 1205 1868 1265 per
1914 1186 2108 1244 horas
2154 1188 2382 1264 viginti

865 1296 1184 1366 quattuor.
1298 1288 1541 1363 Quibus
1614 1290 1956 1368 expressiS,
2036 1289 2131 1360 id,
2206 1287 2381 1367 quod

859 1393 1176 1463 restiterit,

685 1492 966 1572 Spiritus
999 1494 1279 1573 partibus
1323 1496 1522 1575 vzyz’nti
1557 1543 2366 1554 ..................
2427 1496 2512 1554 20

864 1603 924 1655 et

683 1702 901 1776 Aquae
933 1700 1211 1778 partibus
1257 1701 1490 1781 trzyz‘nta
1560 1748 2365 1759 ...................
2430 1702 2513 1760 30

862 1802 1025 1859 inter
1082 1822 1146 1860 se
1194 1803 1412 1861 mixtis
1462 1801 1685 1861 eadem
1735 1804 1974 1861 ratione
2022 1811 2243 1861 tracta.

595 1902 899 1982 Liquores
969 1905 1058 1962 sio
1130 1903 1383 1963 effectos
1453 1906 1645 1964 misce
1704 1913 1766 1964 et
1819 1904 2232 1984 evaporando
2281 1904 2364 1964 ad
2412 1904 2533 1962 Ex-

508 2012 779 2064 traetum
828 2006 1064 2065 siecum
1109 2007 1346 2086 redige.

596 2108 692 2168 Sit
740 2128 772 2167 e
819 2107 1110 2168 subflavo
1158 2107 1425 2180 fuscum,
1475 2111 1541 2168 in
1588 2109 1775 2190 Aqua
1820 2110 2078 2171 turbide
2125 2109 2413 2170 solubile.

719 2536 1276 2623 Extractum
1337 2536 1597 2624 Rhei
1658 2536 2314 2650 compositum.

680 2713 965 2773 Ext-raeti
1012 2714 1170 2774 Rhei
1205 2721 1415 2794 partes
1462 2717 1693 2796 ίνζᾳίηία
1734 2764 1744 2773 .
1777 2764 1788 2773 .
1823 2763 1834 2774 .
1866 2764 1877 2774 .
1911 2764 1922 2773 .
1955 2763 1966 2774 .
1999 2763 2009 2774 .
2044 2764 2055 2773 .
2088 2764 2098 2773 .
2132 2764 2143 2772 .
2177 2764 2187 2773 .
2221 2764 2231 2773 .
2265 2764 2275 2773 .
2309 2763 2319 2773 .
2353 2764 2363 2773 .
2427 2718 2529 2790 30.

680 2815 965 2875 Extraeti
1010 2816 1200 2876 Aloes
1234 2823 1445 2897 partes
1491 2818 1684 2877 decem
1733 2865 2363 2876 ...............
2430 2821 2528 2889 10.

679 2918 952 2978 Resinae
998 2920 1042 2977 J
1045 2919 1267 2999 alapae
1298 2926 1509 2999 partes
1556 2921 1809 3001 quinque
1867 2968 2363 2978 ............
2470 2923 2530 2996 5,

681 3020 959 3099 Saponis
1006 3022 1298 3081 medicati
1337 3028 1540 3102 partes
1586 3023 1785 3102 vz‘yz'ntz‘
1821 3070 2362 3081 .............
2424 3025 2508 3082 20

506 3123 810 3181 contritas
868 3129 929 3181 et
991 3126 1367 3183 commixtas
1425 3123 1663 3203 Spiritu
1728 3123 1930 3183 diluto
1986 3125 2283 3183 humecta
2341 3131 2402 3182 et
2463 3125 2530 3182 in

504 3224 736 3283 balneo
806 3227 1066 3304 vaporis
1130 3224 1468 3284 calefactas
1533 3226 1946 3304 evaporando
2012 3226 2097 3284 ad
2159 3226 2532 3284 Exti-aetum

505 3326 740 3385 siceum
785 3326 1024 3404 redige.

592 3428 689 3488 Sit
735 3448 768 3486 e
815 3427 1120 3507 subnigro
1169 3428 1443 3501 fuscum,
1495 3432 1560 3488 in
1609 3429 1798 3510 Aqua
1844 3429 2100 3489 turbide
2148 3430 2437 3490 solubile.
