2808 3996
1345 278 1440 345 41

778 578 1315 667 Bismutum
1375 584 2017 671 subnitrieum.

558 754 830 815 Bismuti
863 762 1076 836 partes
1122 760 1275 819 duas
1301 806 2283 820 .......................
2345 766 2385 822 2

737 864 799 917 et

467 995 470 998 -
554 960 613 1018 Ν
617 958 761 1018 atrii
806 959 1015 1019 nitriei
1047 967 1288 1040 partem
1334 983 1517 1024 unam
1566 1013 2283 1026 .................
2349 972 2381 1027 l

729 1062 798 1121 in
842 1064 1066 1142 patina
1113 1062 1319 1123 ferrea
1375 1065 1460 1125 ad
1509 1066 1854 1126 eandorem
1914 1068 2142 1128 leviter
2195 1090 2294 1128 ru-

726 1163 917 1223 brum
977 1163 1294 1226 fervefaee
1356 1173 1449 1238 et,
1514 1169 1897 1248 simulatque
1944 1190 2155 1231 massa
2202 1178 2296 1231 tu-

726 1276 1004 1327 mescere
1063 1270 1370 1349 eoeperit,
1438 1272 1642 1350 agita,
1711 1272 1913 1332 donee
1966 1274 2296 1333 metallum

727 1368 1046 1429 subtiliter
1065 1370 1368 1431 diffusum
1384 1372 1653 1433 Vixdum
1682 1377 2053 1455 eonspieiaS.
2091 1375 2294 1451 Quam

725 1473 1106 1532 mixtionem
1155 1473 1784 1556 semirefrigeratam,
1835 1477 2073 1538 additis

547 1576 769 1652 Aquae
801 1574 1082 1654 partibus
1127 1577 1381 1659 quinque
1427 1626 2278 1639 ...................
2341 1584 2378 1641 5

727 1683 790 1736 et

549 1778 847 1858 Liquoris
894 1783 952 1839 N
956 1781 1077 1840 atri
1125 1782 1386 1841 eaustiei
1420 1782 1698 1862 partibus
1744 1783 1927 1846 tribus
1961 1833 2278 1844 ........
2341 1789 2401 1863 3,

722 1882 1054 1963 paulisper
1119 1903 1319 1963 eoque
1384 1893 1469 1956 et,
1535 1894 1879 1965 postquam
1933 1887 2292 1948 Bismutum

722 1985 1041 2044 subtiliter
1089 1986 1393 2046 diffusum
1442 2008 1585 2047 eum
1641 1998 1823 2068 parte
1880 1990 2166 2069 oxydata
2225 1993 2291 2050 in

722 2084 962 2146 filtrum
1003 2088 1363 2166 collegeris,
1408 2089 1597 2168 Aqua
1639 2090 1803 2161 elue,
1855 2090 2060 2150 donee
2101 2092 2290 2152 aleali

723 2208 912 2249 omne
945 2198 1261 2250 remotum
1296 2193 1430 2251 erit.
1502 2192 1852 2251 Residuum
1887 2194 2188 2253 sieeatum
2222 2196 2288 2253 in

544 2291 723 2351 Acidi
768 2291 979 2351 nitriei
1025 2293 1251 2352 fel-vidi
1286 2300 1496 2374 partes
1543 2300 1711 2355 octog
1734 2343 2274 2355 .............
2335 2300 2376 2356 8

366 2393 708 2474 paullatim
755 2393 1048 2467 infunde,
1105 2402 1242 2454 tum
1289 2416 1403 2476 per
1450 2396 1643 2456 breve
1690 2404 1941 2477 tempus
1990 2398 2073 2458 ad
2122 2399 2395 2458 calorem

369 2496 449 2556 80
501 2495 584 2556 ad
635 2496 757 2556 900
789 2495 1162 2557 ealefaetum
1210 2518 1326 2579 per
1356 2498 1701 2558 Asbestum
1734 2498 1903 2559 filtra
1940 2508 2000 2560 et
2033 2500 2396 2560 exhalando

365 2617 566 2679 usque
614 2598 699 2660 ad
731 2605 943 2679 partes
988 2620 1089 2661 sex
1134 2600 1374 2680 redige.

453 2702 694 2763 Partem
726 2711 908 2763 mmm
946 2703 1424 2782 crystallorum,
1463 2723 1627 2783 quae
1651 2703 2091 2782 refrigerando
2119 2705 2394 2767 effeceris

366 2810 429 2863 et
443 2804 650 2883 Aqua,
681 2804 1128 2883 exigqueido
1145 2807 1374 2865 nitrieo
1393 2814 1765 2886 temperata,
1795 2807 2128 2886 aliquoties
2148 2808 2390 2879 elueriS,

366 2925 509 2966 eum
544 2905 825 2986 partibus
872 2912 1148 2988 quattuor
1179 2907 1404 2987 Aquae
1454 2908 1873 2987 aequabiliter
1923 2917 2173 2968 contere
2222 2918 2282 2969 et
2328 2912 2394 2969 in

353 3014 563 3089 partes
615 3009 815 3090 viqz'nti
862 3029 1044 3069 unam
1093 3009 1314 3088 Aquae
1370 3009 1735 3069 ebullientis
1802 3012 2050 3086 agitans
2107 3010 2387 3070 infunde.

365 3110 734 3171 Sedimento
782 3112 1224 3191 praecipitatO,
1274 3112 1586 3190 liquorem
1636 3121 2128 3191 superstantem,
2180 3113 2392 3172 adhue

365 3214 672 3273 calentem
700 3231 957 3273 remove
983 3220 1044 3272 et
1068 3213 1487 3274 sedimentum
1515 3215 1581 3272 in
1614 3212 1846 3272 filtrum
1887 3215 2131 3293 collige.
2203 3214 2386 3286 Tum,

363 3315 704 3375 filtratione
763 3334 1024 3395 prorsus
1089 3314 1405 3386 confecta,
1478 3315 1702 3394 Aquae
1773 3315 2043 3395 frigidae
2106 3316 2390 3377 volumine

363 3417 605 3500 aequali
648 3418 787 3478 elue
835 3427 897 3478 et
944 3417 1154 3476 ealore
1206 3419 1327 3477 300
1376 3417 1644 3477 desieea.

2009 3545 2036 3588 6
