2808 3996
1460 273 1561 342 96

783 449 1343 535 Extractum
1405 449 1778 535 Seoalis
1841 450 2237 536 cornuti.

566 611 569 613 ⁵
666 625 912 684 Seealis
961 625 1207 684 cornuti
1240 630 1449 704 partes
1495 625 1692 686 decem
1718 672 1907 684 .....
1905 713 1913 719 ἡ
1940 673 2349 686 ..........
2414 632 2448 687 1
2455 631 2517 705 0,

843 727 1083 787 additis

664 834 883 909 Aquae
916 829 1194 909 partibus
1238 830 1438 911 vz'yz'ntz'
1451 878 2349 891 .....................
2410 834 2517 909 20,

840 951 1093 991 macera
1117 951 1232 1012 per
1256 932 1452 992 horas
1476 952 1603 992 sex.
1643 932 1886 1007 Quibus
1912 934 2244 1013 expressis,
2270 933 2360 1005 id,

842 1034 1015 1114 quod
1033 1036 1349 1106 restiterit,
1380 1035 1603 1095 eadem
1619 1037 1862 1095 ratione
1887 1037 2116 1095 iterum
2139 1044 2358 1097 traeta.

838 1137 1143 1217 Liquores
1191 1139 1281 1197 sie
1330 1137 1582 1197 effeetos
1629 1140 1852 1208 misee,
1905 1138 2072 1209 oola,
2131 1157 2362 1219 evapo-

842 1239 1050 1299 rando
1086 1239 1169 1300 ad
1202 1245 1414 1319 partes
1446 1241 1697 1322 quinque
1726 1239 1966 1320 redige.
2041 1239 2227 1315 Quod
2260 1259 2363 1301 ex-

838 1349 1111 1401 tractum
1160 1349 1654 1413 eoneentratum,

663 1445 946 1525 Spiritus
995 1444 1177 1503 diluti
1210 1444 1489 1523 partibus
1535 1445 1788 1526 quinque
1806 1493 2349 1505 .............
2455 1450 2494 1508 5

488 1548 808 1618 admixtiS,
843 1566 959 1627 per
982 1547 1266 1607 triduum
1298 1548 1388 1606 ita
1421 1566 1678 1627 sepone,
1712 1554 1784 1607 ut
1823 1549 2077 1628 saepius
2111 1567 2515 1628 conquasseS,

488 1659 622 1710 tum
667 1649 837 1709 filtra
886 1658 946 1708 et
994 1649 1410 1730 evaporando
1445 1650 1529 1710 ad
1561 1650 1935 1709 Extractum
1970 1650 2248 1730 spissum
2277 1651 2514 1732 redige.

575 1752 759 1828 Quod
808 1759 1163 1812 extractum
1212 1751 1488 1832 Spiritus
1521 1752 1792 1832 pondere
1839 1752 2076 1834 aequali
2116 1755 2427 1833 permisce
2459 1761 2521 1815 et

490 1857 826 1935 liquorem,
911 1862 1195 1915 extracto
1265 1855 1594 1935 paulisper
1663 1857 1968 1935 seposit0‚
2052 1863 2516 1936 superstantem

489 1958 826 2018 deoantha.
932 1957 1308 2035 Residuum,
1380 1960 1609 2017 iterum
1681 1958 1903 2027 eadem
1966 1960 2214 2018 ratione
2277 1959 2519 2040 Spiritu

488 2068 856 2130 tractatum,
918 2059 1332 2140 evaporando
1395 2060 1477 2119 ad
1527 2060 1899 2118 Extraotum
1950 2061 2227 2140 spissum
2273 2061 2513 2142 redige.

575 2162 672 2224 Sit
720 2181 751 2221 e
799 2162 995 2222 rubro
1044 2160 1320 2233 fuscum,
1378 2164 1445 2222 in
1494 2162 1682 2242 Aqua
1728 2162 1997 2243 limpide
2045 2163 2335 2223 solubile.

948 2531 1510 2615 Extractum
1571 2529 2045 2643 Stryohni.

663 2707 941 2768 Seminis
991 2707 1294 2785 Stryehni
1334 2712 1541 2786 partes
1586 2706 1782 2766 decem
1808 2754 2347 2765 .............
2413 2710 2494 2768 10

841 2810 1051 2869 calore
1100 2810 1223 2868 400
1268 2828 1403 2868 non
1451 2816 1794 2889 superante

663 2912 942 2992 Spiritus
991 2911 1171 2971 diluti
1203 2911 1481 2991 partibus
1525 2912 1725 2992 vz'yz'ntz'
1755 2959 2339 2971 ..............
2400 2914 2486 2973 20

838 3034 954 3095 per
1010 3014 1205 3073 horas
1258 3015 1494 3093 viginti
1550 3020 1851 3092 quattuor
1905 3015 2158 3094 saepius
2217 3034 2359 3073 eon-

839 3116 1207 3196 quassando
1243 3115 1525 3176 extrahe.
1596 3114 1840 3190 Quibus
1884 3117 2218 3196 expressiS,
2266 3116 2357 3188 id,

841 3218 1016 3297 quod
1064 3219 1379 3288 restiterit,

664 3320 944 3401 Spiritus
994 3320 1173 3379 diluti
1206 3319 1484 3400 partibus
1529 3319 1853 3401 quindecim
1894 3368 2344 3379 ...........
2410 3324 2489 3381 15

842 3422 1066 3490 eadem
1111 3423 1358 3481 ratione
1404 3423 1633 3485 iterum
1679 3429 1903 3484 tracta.
