2808 3996
1426 277 1525 347 66

455 459 610 518 ratis
659 458 888 517 eoloris
934 456 1097 517 fusci
1146 465 1205 516 et
1248 455 1552 516 uberibus
1602 459 1796 535 eopiis
1844 455 2063 534 Amyn
2110 458 2481 515 instructam

458 559 736 619 exhibet.
831 559 1062 619 Cortex
1114 559 1318 617 facilis
1375 567 1468 618 est
1522 558 1607 617 ad
1663 558 2137 628 dissecandum3
2210 577 2289 617 ex
2346 556 2480 637 ejus

455 661 734 721 fractura
779 662 1123 740 granulosa
1169 680 1350 719 rarae
1396 659 1595 719 fibrae
1640 662 2021 739 prominent.

543 762 803 844 Saporis
851 771 944 823 est
988 763 1280 842 paullum
1327 763 1554 832 amari,
1604 761 1907 821 subaeriS.

975 1140 1336 1227 Cortex
1396 1141 1952 1253 Frangulae.

543 1325 798 1395 Cortex,
855 1344 1047 1404 quem
1105 1325 1288 1384 offert
1342 1326 1670 1384 Rhamnus
1729 1326 2072 1403 Frangula.
2172 1326 2340 1386 Tubi
2397 1326 2478 1385 ad

451 1427 789 1503 decimetros
821 1433 933 1487 tres
966 1429 1160 1504 longi,
1196 1427 1583 1488 mz‘llimetrum
1624 1448 1806 1488 unum
1846 1434 1902 1488 et
1927 1429 2232 1489 dimidium
2265 1431 2476 1499 erassi,

454 1529 804 1609 superficiei
879 1529 1218 1608 subpullae
1293 1530 1399 1589 vel
1475 1532 1745 1608 griseae,
1833 1531 2164 1591 lentieellis
2243 1532 2480 1591 crebris

455 1651 847 1711 conspersae,
896 1633 1065 1691 intus
1111 1632 1413 1711 perfusoi,
1470 1631 1751 1692 fractura
1795 1633 2246 1710 longitudinali
2289 1633 2477 1705 flava,

452 1733 706 1793 fibrosa.
781 1733 1011 1794 Cortex
1057 1736 1300 1813 saporis
1349 1742 1443 1794 est
1471 1736 1779 1814 pituitosi,
1828 1736 2119 1815 paullum
2151 1737 2480 1796 subduleis

455 1844 516 1896 et
561 1836 911 1906 subamari3
960 1838 1028 1894 in
1073 1836 1262 1915 Aqua
1303 1836 1627 1897 Calcariae
1682 1847 2038 1898 maceratus
2103 1841 2272 1899 intus
2314 1840 2478 1899 eolo-

452 1958 587 1997 rem
634 1939 802 1998 belle
856 1939 1122 1998 rubrum
1168 1940 1385 1999 trahit.
1479 1939 1766 1999 Infusum
1815 1941 2078 2001 Cortieis
2124 1942 2481 2022 Frangulae

453 2039 728 2111 fuscum,
762 2040 952 2100 Ferro
986 2041 1489 2120 sesquiohlorato
1525 2042 1770 2114 addito,
1808 2044 2082 2103 colorem
2114 2043 2480 2125 perfusoum

453 2144 652 2203 trahit
696 2162 814 2202 nee
858 2143 1171 2203 turbatur.

807 2523 1168 2610 Cortex
1219 2525 1629 2611 Fructus
1673 2528 2123 2614 Aurantii.

542 2707 816 2768 Cortioes
857 2707 1175 2768 fruetuum
1215 2717 1636 2781 maturorum,
1681 2730 1841 2790 quos
1874 2711 2058 2772 offert
2091 2713 2304 2773 Citrus
2339 2714 2477 2773 vul-

453 2810 647 2886 gariS,
695 2810 901 2870 forma
936 2811 1368 2890 quadrantum
1414 2813 1971 2891 longitudinalium
2019 2835 2056 2874 a
2101 2815 2410 2876 fructibus
2445 2837 2477 2876 e

457 2912 645 2971 rubro
691 2912 901 2983 flavis,
952 2915 1183 2972 amaris
1232 2915 1551 2975 abstraoti.
1633 2916 1865 2976 Sieoati
1912 2917 2308 2997 superficiem
2341 2920 2475 2998 gib-

452 3014 701 3086 bosam,
774 3014 1139 3075 subfusoam
1200 3016 1468 3087 habent,
1534 3018 1652 3077 sub
1716 3037 1845 3097 qua
1907 3022 2146 3081 multae
2208 3023 2476 3082 lacunae

454 3115 748 3176 oleiferae
780 3119 847 3175 in
876 3119 1071 3176 telam
1101 3120 1463 3178 interiorem
1497 3121 1710 3179 albam
1747 3124 2125 3200 prominent.
2201 3124 2474 3185 Cortiees

451 3218 798 3279 Fruotuum
829 3220 1286 3280 Aurantiorum
1319 3231 1465 3281 sunt
1497 3226 1844 3294 aromatici,
1881 3226 2194 3304 simulque
2229 3229 2473 3306 saporis

452 3323 787 3399 peramari.
868 3322 1148 3382 Maxima
1179 3332 1359 3402 parte
1407 3325 1571 3383 telae
1620 3325 1806 3385 albae
1844 3335 2111 3399 resecta,
2160 3329 2324 3388 nihil
2354 3331 2474 3389 nisi

452 3421 704 3482 ssavedo
751 3422 995 3482 fruetus
1043 3424 1446 3484 adhibeatur.
