2808 3996
1430 269 1577 340 140

579 451 792 510 Massa
854 449 1005 510 alba
1064 449 1171 509 vel
1230 449 1445 528 pulvis
1516 448 1892 528 amorphus,
1964 449 2034 508 in
2092 446 2283 528 Aqua
2351 450 2514 509 inso-

490 554 729 623 lubilis,
781 551 964 611 facile
998 551 1290 612 solubilis
1322 552 1391 609 in
1422 550 1627 611 Acido
1660 553 1887 610 nitrico
1922 549 2245 611 calefactO.
2319 551 2512 627 Quem

491 658 542 716 si
576 676 717 714 cum
743 655 1017 734 Liquore
1041 654 1226 712 Natri
1261 654 1521 712 caustici
1556 652 1934 723 calefeceris,
1971 652 2338 731 aufugiente
2374 655 2517 713 Am-

490 760 733 829 monio,
790 757 1284 836 Hydrargyrum
1333 755 1687 834 oxydatum
1744 754 1982 815 flavum
2040 757 2498 836 praecipitatur

578 861 1075 939 Hydrargyrum
1144 855 1637 938 praecipitatum
1709 858 1957 930 album,
2038 861 2104 917 in
2180 859 2336 918 tubo
2416 879 2517 918 ex-

488 964 834 1045 ploratorio
883 960 1325 1032 fervefactum,
1375 981 1506 1020 non
1540 961 1834 1040 liquescit
1872 961 2033 1020 illud
2068 962 2348 1040 quidem,
2384 962 2516 1031 sed,

491 1067 643 1127 dum
679 1066 942 1135 deletur,
975 1064 1239 1124 volatile
1267 1072 1377 1123 est.
1445 1062 1837 1123 Calefactum
1872 1083 2014 1122 cum
2041 1062 2245 1122 Acido
2272 1065 2516 1134 nitric0‚

490 1167 829 1251 aequalibus
876 1166 1155 1247 partibus
1201 1166 1424 1244 Aquae
1483 1165 1713 1235 diluto,
1772 1166 2085 1236 solvatur;
2155 1186 2234 1225 ne
2295 1166 2519 1245 Aquae

487 1293 649 1332 neve
697 1271 962 1349 Spiritui
1009 1269 1364 1348 quidquam
1411 1270 1754 1348 impertiat.

579 1373 986 1448 Cautissime,
1036 1391 1074 1430 a
1119 1373 1260 1431 luce
1306 1381 1646 1442 remotum,
1697 1379 2000 1431 servetur.

1327 1576 1678 1682 Infusa.

575 1740 820 1811 Infusa,
893 1739 974 1799 ad
1048 1759 1211 1819 quae
1281 1748 1593 1817 quantum
1664 1739 2060 1799 substantiae
2133 1739 2519 1800 adhibeatur

486 1846 953 1925 praescriptum
988 1863 1118 1901 non
1154 1852 1264 1911 est,
1303 1844 1389 1901 ita
1421 1862 1598 1921 para,
1633 1851 1704 1902 ut
1722 1848 1932 1923 partes
1963 1843 2158 1903 decem
2199 1843 2519 1902 colaturae

489 1968 567 2007 ex
599 1952 779 2026 parte
824 1966 945 2006 una
991 1945 1386 2005 substantiae
1436 1943 1691 2004 efficias,

576 2049 758 2125 Quod
793 2050 1017 2108 attinet
1051 2048 1131 2107 ad
1174 2047 1659 2117 medicalnenta,
1711 2067 1983 2126 quorum
2034 2047 2205 2108 dosis
2238 2050 2519 2108 maxima

487 2160 723 2212 statuta
781 2159 897 2222 est,
958 2171 994 2209 a
1052 2150 1297 2226 medico
1347 2159 1441 2209 est
1500 2151 1946 2222 indicandum,
2003 2160 2317 2230 quantum
2373 2152 2517 2211 sub-

486 2257 756 2315 stantiae
806 2253 1209 2312 adhibeatur.

573 2356 676 2416 Ad
724 2355 1010 2415 Infusum
1059 2355 1423 2435 parandum
1471 2356 1919 2427 substantiam,
1973 2359 2038 2416 in
2086 2378 2237 2417 vase
2287 2357 2518 2417 idoneo

484 2459 673 2539 Aqua
735 2457 982 2518 fervida
1039 2454 1465 2537 superfusam,
1527 2459 1843 2518 interdum
1896 2462 2147 2538 agitans
2194 2480 2310 2540 per
2366 2460 2516 2520 duo-

488 2562 800 2622 decimam
857 2570 1100 2640 partem
1151 2560 1346 2619 horae
1395 2561 1602 2642 objice
1648 2562 1999 2641 vaporibus
2050 2563 2264 2622 balnei
2314 2583 2516 2642 aquae

488 2664 875 2733 ebullientis,
926 2671 1061 2722 tum
1111 2663 1423 2741 liquorem
1470 2662 1913 2742 refrigeratum
1962 2665 2119 2724 cola.

664 2854 1135 2971 *Infusum
1196 2853 1578 2939 Sennae
1642 2854 2298 2966 compositum.

664 3015 987 3074 Foliorum
1034 3016 1290 3074 Sennae
1337 3016 1736 3075 concisorum
1775 3022 1980 3095 partes
2026 3019 2276 3098 quinque
2334 3067 2346 3077 .
2451 3022 2512 3095 5,

662 3121 881 3196 Aquae
928 3118 1209 3176 fervidae
1242 3117 1522 3197 partibus
1567 3120 1800 3199 trzyinta
1847 3167 2344 3180 ............
2406 3125 2490 3182 30

842 3219 1224 3299 superfusas,
1258 3240 1374 3299 per
1400 3220 1844 3281 duodecimam
1878 3230 2126 3301 partem
2160 3222 2358 3282 horae

838 3323 906 3380 in
954 3322 1182 3380 balneo
1232 3342 1435 3401 aquae
1491 3321 1780 3381 caleface.
1878 3323 2045 3398 Quas
2101 3323 2354 3403 refrige-

836 3432 1010 3483 ratas
1059 3424 1198 3482 cola
1244 3433 1303 3483 et
1342 3426 1409 3482 in
1452 3425 1736 3484 colatura
1779 3425 1955 3484 solve
