2808 3996
1334 295 1426 365 71

1151 477 1613 563 Decoeta.

458 642 760 712 Deeoeta,
811 639 894 699 ad
940 659 1104 718 quae
1154 638 1483 699 efficienda
1515 648 1828 718 quantum
1861 641 2248 701 substantiae
2282 642 2391 702 ad-

371 743 725 803 hibendum
780 743 863 801 sit
915 743 1382 821 praescriptum
1435 762 1564 800 non
1621 751 1737 813 est,
1796 744 1886 801 ita
1939 752 2266 821 parentur,
2322 752 2394 804 ut

372 866 553 907 unam
607 845 999 905 substantiae
1046 849 1287 923 partem
1353 843 1438 903 ad
1491 844 1684 904 decem
1749 844 2069 904 colaturae
2128 844 2392 905 efficien-

374 948 489 1009 das
537 947 867 1007 adhibeas.

460 1050 644 1110 Unde
693 1050 1096 1129 excipiuntur
1143 1056 1205 1108 et
1251 1068 1325 1107 ea
1370 1049 1859 1119 medicamenta,
1908 1068 2178 1128 quorum
2228 1050 2397 1110 dosis

374 1155 658 1213 maxima
691 1151 950 1211 definita
993 1159 1112 1221 est,
1164 1159 1225 1210 et
1271 1151 1667 1211 substantiae
1714 1153 1989 1210 maxime
2035 1154 2393 1230 pituitosae.

374 1257 645 1315 Illorum
669 1261 980 1333 quantum
1023 1253 1434 1324 adhibeatur,
1486 1273 1524 1312 a
1554 1253 1802 1313 medico
1835 1254 2397 1332 praescribendum

377 1367 494 1429 est,
543 1358 774 1416 harum
821 1357 1320 1435 pharmacopoei
1356 1353 1603 1435 judicio
1650 1358 2050 1435 permittitur.

465 1460 921 1528 Substantiam,
959 1477 1038 1517 ex
1068 1477 1197 1537 qua
1220 1458 1566 1517 Deeoetum
1598 1458 1960 1537 parandum
1994 1466 2110 1529 est,
2153 1460 2218 1517 in
2248 1478 2400 1518 vase

374 1563 607 1623 idoneo
676 1563 866 1641 Aqua
932 1560 1168 1639 frigida
1237 1559 1626 1638 superfunde
1705 1568 1766 1619 et
1832 1580 1947 1640 per
2015 1561 2400 1620 semihoram

375 1665 723 1746 vaporibus
779 1664 997 1723 balnei
1051 1682 1254 1742 aquae
1311 1662 1671 1721 ebullientis
1726 1663 2049 1722 interdum
2096 1662 2400 1741 agitando

380 1787 656 1848 expone,
703 1775 842 1827 tum
883 1765 1201 1844 liquorem
1249 1763 1464 1824 adhue
1513 1765 1822 1824 calentem
1871 1766 2170 1845 exprime.

381 2103 922 2189 Deeoetum
1000 2100 1685 2212 Sarsaparillae
1774 2101 2402 2212 compositum
2512 2148 2514 2150 ·

1203 2231 1568 2317 fortius.

561 2410 814 2470 Radicis
863 2409 1331 2489 Sarsaparillae
1378 2408 1667 2468 concisae
1707 2414 1918 2488 partes
1963 2414 2186 2470 centum
2282 2412 2403 2469 100

737 2513 952 2591 (ligere
1001 2532 1145 2572 eum

561 2619 778 2694 Aquae
823 2613 1052 2675 (luobus
1098 2612 1325 2674 milibus
1369 2615 1641 2674 sexcentis
1675 2612 1952 2692 partibus
1985 2661 2171 2672 .....
2233 2616 2403 2674 2600

737 2737 851 2796 per
925 2717 1153 2794 viginti
1230 2724 1530 2794 quattuor
1611 2715 1819 2774 horas,
1945 2714 2184 2774 Deinde

738 2818 974 2878 additis

563 2920 887 2982 Sacchmii
924 2920 1198 2999 partibus
1244 2921 1496 3001 quinque
1543 2966 2171 2979 ...............
2364 2922 2402 2979 5

742 3032 802 3082 et

564 3125 873 3186 Aluminis
910 3124 1186 3204 partibus
1231 3125 1510 3205 quinque.
1546 3170 2171 3181 ...............
2363 3124 2403 3182 5

741 3247 854 3308 per
942 3227 1131 3286 horas
1216 3234 1339 3285 tres
1419 3226 1607 3283 calori
1691 3224 1900 3283 balnei
1983 3243 2185 3302 aquae

743 3329 1102 3389 ebullientis
1149 3329 1213 3386 in
1263 3347 1412 3386 vaso
1468 3335 1631 3385 teoto
1692 3327 1774 3384 ita
1830 3324 2059 3403 objice,
2118 3333 2186 3383 ut

743 3434 995 3511 saepius
1029 3430 1243 3507 agites,
1296 3429 1493 3503 Quam
1533 3429 1891 3496 mixturam,
1921 3425 2184 3505 adjectis
