2808 3996
1330 241 1471 310 131

397 420 481 481 ad
525 439 706 479 mmm
736 418 885 490 lata,
936 419 1214 498 oblonge
1248 425 1457 490 ovata,
1505 420 1573 478 in
1617 419 1924 500 petiolum
1957 425 2295 490 attenuata,
2343 420 2411 479 in

394 524 719 602 utriusque
765 525 963 603 partis
1009 523 1295 602 margine
1345 523 1641 583 dentibus
1688 522 2042 603 grandibus
2081 524 2277 583 ternis
2308 523 2413 583 vel

394 627 563 685 senis
634 633 904 686 crenata.
1020 626 1200 685 Folia
1251 627 1558 707 petiolata
1604 633 1753 686 sunt
1798 627 2071 697 minora,
2143 627 2407 698 sessilia‚

393 748 643 789 summa
687 731 755 790 in
801 737 1067 809 utraque
1115 728 1251 789 folii
1296 737 1477 810 parte
1525 731 1901 810 simpliciter
1942 729 2215 790 dentata.
2297 729 2408 791 Co-

391 833 557 892 rolla
601 835 904 913 speciosa,
953 835 1180 904 tenuis,
1233 852 1264 892 e
1313 831 1602 894 subflavo
1649 835 1916 914 pallenS‚
1966 835 2182 893 nervis
2212 835 2407 893 viola-

393 937 516 995 ceis
575 936 868 1018 trajecta,
942 945 1035 996 est
1089 937 1551 1017 quinqueloba3
1624 938 1885 1018 capsula
1930 939 2204 997 scariosa
2250 937 2409 997 bilo-

392 1040 650 1111 cularis‚
722 1041 1020 1120 operculo
1078 1042 1312 1100 circum
1372 1040 1653 1121 undique
1710 1041 2072 1101 dehiscente
2124 1042 2406 1121 patescit.

389 1142 616 1202 Petioli
663 1150 724 1203 et
767 1145 949 1203 nervi
990 1144 1205 1203 lateris
1237 1142 1552 1204 inferioris
1584 1143 1882 1203 foliorum
1929 1144 2231 1204 mollibus
2263 1145 2409 1225 pilis

390 1248 707 1326 copiosius
754 1249 966 1307 vestiti
1013 1267 1207 1327 quam
1254 1248 1495 1307 lamina
1540 1267 1730 1327 saepe
1760 1255 2011 1307 tantum
2042 1267 2172 1307 non
2206 1249 2405 1308 calva.

387 1349 606 1409 Herba
659 1350 1052 1429 Hyoscyami
1105 1353 1337 1410 siccata
1402 1359 1463 1410 et
1517 1351 1729 1411 odoris
1786 1358 1846 1411 et
1899 1354 2142 1432 saporis
2198 1353 2408 1431 exigui

391 1461 497 1512 est.
575 1453 674 1514 Ad
709 1462 1062 1514 extractum
1094 1454 1455 1534 parandum
1489 1454 1728 1514 adhibe
1759 1456 2105 1535 particulas
2151 1456 2407 1535 plantae

386 1555 791 1628 floi²escentiS‚
843 1577 1005 1637 quae
1053 1577 1242 1638 super
1288 1566 1522 1618 terram
1571 1560 1869 1619 eminent.

477 1662 675 1720 Caute
722 1668 1021 1721 servetur.

738 1779 928 1839 Dosis
976 1779 1253 1840 maxima
1301 1780 1555 1859 singula
1601 1783 1717 1858 093.

739 1883 928 1942 Dosis
975 1883 1251 1943 maxima
1298 1904 1414 1964 pro
1462 1884 1563 1944 die
1613 1889 1726 1962 195.

960 2312 1290 2398 Herba
1349 2313 1830 2401 Lobeliae.

475 2489 734 2549 Lobclia
773 2490 1016 2566 inflata.
1068 2491 1220 2551 dum
1252 2490 1457 2562 floret,
1492 2494 1719 2563 recisa,
1770 2495 2004 2552 siccata
2038 2499 2098 2552 et
2128 2494 2400 2574 plerum-

386 2611 507 2672 que
554 2594 617 2652 in
666 2594 880 2654 lateris
927 2593 1196 2654 formam
1243 2616 1479 2676 pressa.
1574 2597 1754 2656 Folia
1799 2598 2053 2677 petiolis
2097 2599 2398 2667 carentia,

386 2704 604 2766 ovata,
671 2698 956 2776 paullum
1023 2707 1281 2758 crenata
1343 2701 1630 2780 margine
1686 2700 2007 2780 glandulis
2062 2702 2400 2780 setulisque

384 2801 689 2860 instructa
739 2810 911 2871 sunt,
963 2804 1164 2881 magis
1215 2805 1402 2862 etiam
1449 2805 1687 2884 petioli.
1784 2804 1987 2884 Super
2025 2803 2209 2863 flores
2243 2804 2397 2863 albi-

389 2902 532 2973 dos,
605 2903 947 2965 bilabiatos
1012 2905 1268 2987 bractea
1330 2914 1509 2967 acute
1573 2914 1764 2966 ovata
1827 2910 2084 2977 eminet;
2157 2909 2398 2967 semina

385 3004 559 3065 fusca
598 3008 979 3068 creberrima
1025 3011 1134 3069 vix
1179 3000 1490 3070 mz'llz'metrz‘
1531 3011 1751 3070 dimidii
1794 3012 2196 3070 continentur
2245 3010 2395 3069 duo-

389 3109 502 3168 bus
554 3111 989 3171 loculamentis
1046 3115 1341 3192 capsulae
1390 3116 1808 3182 ventricosae‚
1858 3114 2156 3173 tenuibus
2204 3115 2395 3192 septis

386 3214 836 3298 circumdatae,
903 3216 1116 3294 calyce
1175 3219 1695 3297 quinquepartito
1761 3225 2113 3277 coronatae.
2225 3216 2395 3291 Quae

384 3318 624 3375 semina
671 3319 769 3376 vel
823 3321 1023 3397 magis
1081 3339 1270 3399 quam
1327 3320 1529 3379 herba
1585 3322 1828 3399 saporis
1883 3327 2030 3380 sunt
2084 3320 2391 3388 insuavis,

384 3421 579 3490 acuti,
629 3423 805 3481 acris.

1962 3552 2043 3594 17·
