2808 3996
1379 245 1478 314 52

459 430 567 480 aut
627 424 952 482 residuum
1012 423 1456 482 tantummodo
1513 422 1814 500 exiguum
1865 420 2204 500 relinquat.
2309 420 2483 482 Sedi-

458 531 769 595 mentum,
828 525 1003 604 quod
1047 527 1116 584 in
1162 525 1286 583 hac
1333 525 1647 584 solutione
1678 523 1948 603 Liquore
1994 523 2180 582 Natri
2226 524 2486 582 caustici

458 623 750 698 efficitur,
799 628 867 686 in
901 628 1034 708 ejus
1084 646 1344 686 excessu
1390 627 1693 696 solvatur,
1743 645 1906 705 quae
1937 625 2166 685 solutio
2210 625 2488 685 alcalina

455 747 598 799 nec,
658 748 802 789 cum
843 735 1012 811 quita
1065 750 1186 790 una
1231 728 1420 788 Acidi
1468 727 1754 788 sulfurici
1802 728 1988 788 diluti
2042 736 2482 807 conquassata,

456 838 820 891 constanter
850 832 1168 901 turbetur,
1217 850 1362 902 nec,
1411 831 1536 890 hoc
1567 830 1770 890 Acido
1809 830 2004 909 plane
2045 831 2483 909 praecipitata,

455 934 508 992 si
546 932 784 993 filtrata
818 935 958 1004 erit,
1008 935 1322 1013 liquorem
1356 931 1608 1004 efficiat,
1659 934 1770 1012 qui
1793 932 1978 991 Kah‘o
2011 930 2485 1010 ferro-cyanato

455 1044 565 1095 aut
609 1036 882 1115 Liquere
914 1037 1241 1096 Ammonii
1292 1036 1552 1095 caustici
1601 1033 1858 1094 abunde
1906 1033 2128 1114 addito
2173 1034 2482 1093 turbetur.

508 1182 516 1188 -
542 1137 811 1198 Cerussa
859 1138 1235 1198 candefacta
1266 1158 1346 1198 ne
1378 1139 1591 1197 minus
1625 1156 1818 1216 quam
1854 1155 1932 1195 ex
1964 1142 2190 1197 centum
2207 1135 2487 1217 partibus

453 1241 740 1322 octoyz‘nta
786 1242 1038 1323 quinque
1083 1241 1342 1301 Plumbi
1389 1240 1657 1320 oxydati
1702 1239 2040 1319 relinquat.

543 1344 742 1403 Caute
787 1353 1089 1404 servetur.

1200 1473 1747 1561 Cetaceum.

539 1606 696 1667 Pars
752 1607 956 1669 solida
1008 1607 1363 1668 identidem
1422 1606 1839 1688 exprimendo
1891 1614 1954 1667 et
1994 1604 2485 1687 crystallisando

455 1709 766 1790 depurata
828 1730 1072 1786 eorum,
1144 1730 1308 1790 quae
1372 1713 1543 1770 cavis
1602 1712 1882 1789 capitum
1939 1709 2187 1769 inclusa
2240 1709 2487 1770 habent

452 1812 858 1891 Physeteres,
908 1815 1282 1894 praesertim
1322 1815 1635 1891 Physeter
1674 1813 2212 1892 macrocephalus.
2275 1812 2486 1872 Massa

453 1915 828 1995 crystallina
882 1915 1248 1988 latifoliata‚
1308 1916 1612 1996 ponderis
1669 1914 1946 1996 specifici
1996 1916 2215 1986 O‚943‚
2277 1914 2485 1974 calore

456 2018 532 2077 50
584 2017 669 2077 ad
722 2018 840 2078 540
897 2018 980 2078 ad
1044 2019 1356 2098 liquorem
1410 2018 1782 2098 limpidum,
1858 2018 2084 2078 coloris
2140 2026 2481 2097 expertem,

451 2120 662 2180 odoris
698 2123 911 2200 exigui
942 2121 1317 2201 liquescens.
1384 2121 1458 2180 In
1478 2120 1757 2200 partibus
1789 2121 2190 2202 quadraqc'nta
2214 2120 2484 2200 Spiritus

453 2223 813 2283 ebullientis
876 2244 1036 2304 pars
1091 2245 1212 2285 una
1281 2223 1530 2283 Cetacei
1596 2223 1906 2294 solvatur3
1977 2222 2351 2302 refrigerata
2418 2223 2485 2280 in

452 2325 754 2404 crystalla
798 2325 989 2397 redit,
1040 2345 1165 2405 quo
1212 2325 1382 2386 facto
1414 2326 1623 2405 liquor
1653 2325 1926 2385 filtratus
1958 2346 2160 2405 neque
2194 2325 2484 2385 chartam

453 2429 944 2507 exploratoriam
1006 2437 1208 2488 mutet
1263 2447 1470 2507 neque
1517 2428 1706 2507 Aqua
1757 2428 1949 2489 valde
2012 2430 2479 2509 praecipitetur.

451 2529 634 2605 Quod
689 2533 769 2602 si,
830 2531 1051 2592 addita
1082 2536 1266 2611 parte
1311 2551 1432 2591 una
1478 2531 1686 2590 Natrii
1734 2531 2058 2590 carbonici
2106 2529 2480 2602 candefacti,

450 2635 801 2705 iteraveris,
873 2634 1082 2714 liquor
1150 2632 1422 2694 filtratus
1487 2643 1548 2693 et
1619 2633 1975 2693 acidulatus
2036 2634 2482 2694 tantummodo

451 2736 758 2796 turbetur.

1082 2852 1437 2938 Charta
1496 2853 1863 2939 nitrata.

540 2984 846 3044 Chartam
891 2985 1186 3045 bibulam

626 3087 795 3146 Kalii
842 3087 1050 3147 uitrici
1082 3094 1263 3167 parte
1308 3109 1430 3150 una
1463 3137 1695 3147 ......
1720 3105 1725 3108 ·
1729 3138 2359 3149 ...............
2423 3093 2481 3167 1,

801 3210 869 3249 111

632 3296 854 3370 Aquae
886 3292 1163 3370 partibus
1194 3295 1475 3373 quinque
1504 3342 2357 3354 ....................
2418 3298 2457 3355 5

807 3395 1034 3466 soluta,
1083 3396 1326 3467 imbue,
1375 3405 1512 3455 tum
1559 3396 1744 3456 sicca.
