2808 3996
1491 258 1639 331 190

643 435 806 495 Salis
862 436 1092 495 solutio
1152 454 1394 514 aquosa
1450 443 1861 496 concentrata
1915 437 1996 496 sit
2048 438 2388 497 reactionis
2435 437 2574 497 sub·

555 536 801 609 acidae,
867 538 1095 597 coloris
1154 557 1407 618 expers3
1465 538 1862 618 aliquamdiu
1915 541 2192 619 seposita
2249 540 2582 599 dumtaxat

551 641 778 699 leviter
832 639 1149 699 rubescat.
1244 639 1322 699 In
1374 639 1578 700 Acido
1634 640 1936 700 sulfurico
1991 642 2088 701 sal
2141 643 2232 701 ita
2277 643 2580 714 solvatur,

550 750 623 803 ut
660 762 792 802 non
834 742 1203 802 effervescat
1241 742 1642 822 coloremque
1681 742 1811 802 fere
1852 744 2103 803 nullum
2142 743 2378 804 trahat.
2471 744 2583 805 So-

550 847 709 906 lutio
758 864 1000 925 aquosa
1048 845 1307 923 (1:20)
1355 865 1437 905 ne
1482 845 1694 925 Baryo
1725 847 1953 906 nitrico
1993 855 2271 906 mutetur
2315 866 2499 918 neve,
2532 848 2586 907 si

551 947 827 1008 Acidum
871 949 1171 1007 nitricum
1218 947 1631 1007 admiscueris
1681 956 1742 1008 et
1782 949 2086 1028 crystalla
2130 949 2282 1008 inde
2317 949 2586 1029 expulsa

550 1053 619 1110 in
658 1050 898 1130 Spiritu
941 1051 1295 1122 resolveris,
1344 1050 1632 1130 Argento
1669 1053 1894 1111 nitrico
1941 1051 2248 1111 turbetur.

1037 1300 1124 1384 N
1126 1298 1464 1385 atrium
1527 1298 2104 1386 sulfuricum.

641 1461 960 1540 Crystalla
1008 1461 1236 1522 coloris
1285 1463 1594 1542 expertia,
1666 1461 2052 1535 fatiscentia,
2124 1462 2309 1523 facile
2357 1459 2615 1542 liques?

553 1566 784 1634 centia3
834 1565 901 1623 in
934 1563 1215 1643 partibus
1261 1564 1445 1626 tribus
1491 1565 1714 1645 Aquae
1750 1564 2043 1645 frigidae,
2091 1567 2158 1625 in
2206 1564 2316 1643 O,3
2361 1566 2585 1646 Aquae

556 1667 765 1726 calore
817 1667 965 1737 330,
1026 1665 1134 1744 0,4
1191 1667 1400 1727 calore
1453 1668 1619 1728 1000
1663 1668 1963 1729 solubilia
2009 1677 2186 1740 sunt,
2235 1689 2369 1729 non
2417 1669 2585 1729 solu-

553 1769 711 1829 bilia
758 1770 824 1828 in
874 1768 1130 1848 Spiritu
1248 1770 1462 1829 Ansae
1532 1768 1623 1830 fili
1668 1771 1959 1861 platinei
2028 1769 2224 1831 affixa
2280 1779 2342 1831 et
2387 1771 2584 1831 ferve-

552 1870 722 1931 facta
774 1870 1101 1930 flammam
1159 1873 1367 1931 colore
1425 1872 1593 1932 ssavo
1650 1873 1964 1944 inficiunt;
2036 1874 2266 1934 solutio
2322 1893 2582 1954 aquosa,

553 1972 804 2055 adjecto
859 1974 1071 2053 Baryo
1119 1976 1372 2046 nitricO,
1445 1974 1870 2035 sedimentum
1929 1976 2177 2049 album,
2248 1978 2318 2037 in
2387 1976 2585 2038 acidis

552 2097 685 2136 non
733 2075 1005 2137 solubile
1051 2077 1335 2156 praebet.

641 2179 886 2239 Solutio
935 2198 1177 2258 aquosa
1218 2181 1271 2255 (1
1303 2206 1376 2233 =
1402 2180 1506 2257 20)
1541 2182 1622 2240 sit
1651 2182 1977 2253 neutralis,
2028 2181 2251 2241 eadem
2283 2203 2364 2242 ne
2399 2182 2586 2263 Aqua

552 2280 1102 2362 hydrosulfurata,
1152 2303 1314 2342 neve
1360 2283 1633 2363 Liquore
1679 2284 2003 2344 Ammonii
2050 2284 2363 2357 sulfurati,
2422 2306 2584 2346 neve

552 2384 895 2444 Ammonio
944 2385 1213 2456 oxaliCO,
1263 2405 1443 2457 neve,
1493 2388 1546 2445 si
1592 2386 1929 2465 Liquorem
1961 2387 2287 2447 Ammonii
2322 2390 2584 2449 caustici

554 2487 896 2557 addideris,
946 2487 1170 2546 Natrio
1218 2487 1654 2568 phosphorico
1686 2497 1992 2560 mutetur;
2041 2490 2327 2570 Argento
2359 2493 2583 2552 nitrico

554 2589 866 2661 admixto,
915 2590 1364 2650 tantummodo
1413 2591 1755 2670 opalescat.

815 2840 902 2924 N
903 2838 1241 2924 atrium
1303 2838 1856 2925 sulfuricum
1918 2840 2307 2927 siccum.

639 3001 938 3060 Natrium
984 3000 1355 3061 sulfuricum
1396 3021 1613 3081 grosse
1661 3004 2002 3062 contritum
2048 3005 2246 3064 calori
2289 3005 2412 3065 250
2451 3026 2580 3066 non

556 3104 883 3163 excedenti
937 3105 1027 3162 ita
1084 3123 1359 3183 expone,
1428 3111 1502 3163 ut
1556 3123 1594 3163 a
1637 3105 1901 3183 pulvere
1946 3113 2183 3165 tectum
2228 3108 2326 3167 sit.
2422 3107 2580 3169 Cum

553 3207 746 3286 plane
779 3205 1101 3285 dilapsum
1134 3207 1270 3277 erit,
1321 3206 1531 3265 calore
1565 3207 1645 3265 40
1675 3206 1759 3265 ad
1790 3207 1911 3267 500
1948 3210 2136 3281 sicca,
2187 3208 2391 3269 donec
2424 3230 2579 3290 pon-

555 3308 666 3369 dus
711 3308 1014 3368 dimidium
1057 3309 1356 3367 amiserit.
1435 3307 1681 3368 Deinde
1731 3328 1847 3388 per
1889 3311 2168 3370 cribrum
2199 3315 2573 3372 transmitte.

642 3411 938 3471 Natrium
1015 3408 1385 3470 sulfuricum
1403 3458 1416 3482 ,
1495 3412 1561 3468 in
1609 3412 1912 3490 crystalla
1980 3415 2321 3473 minutiora
2392 3417 2576 3494 (quae
