2808 3996
1417 249 1516 320 86

848 429 1404 514 Extractum
1466 426 2077 513 Casoarillae.

627 576 894 636 Cortieis
943 577 1327 636 Casearillae
1358 582 1597 656 partem
1643 596 1823 636 unam
1894 623 2344 635 ...........
2408 580 2465 653 l,

626 683 844 758 Aquae
891 680 1244 740 ebullientis
1278 680 1554 760 partibus
1600 681 1854 760 quinque
1891 726 2342 738 ...........
2403 682 2441 739 5

451 781 867 861 superfusam,
894 784 962 842 in
987 783 1181 842 horas
1205 784 1437 862 viginti
1462 789 1762 862 quattuor
1794 801 2046 862 sepone.
2114 780 2357 856 Quibus

451 888 788 965 expressiS,
837 885 930 958 id,
981 885 1152 965 quod
1200 887 1521 957 restiterit,

625 992 843 1067 Aquae
890 989 1243 1049 ebullientis
1277 989 1553 1068 partibus
1598 990 1851 1070 quinque
1891 1035 2344 1047 ...........
2404 990 2443 1047 5

451 1090 879 1172 superfusum,
923 1094 989 1151 in
1019 1092 1213 1152 horas
1246 1093 1477 1171 viginti
1510 1100 1811 1171 quattuor
1841 1093 2066 1150 iterum
2100 1109 2354 1170 sepone.

535 1195 839 1274 Liquores
888 1195 1304 1276 exprimendo
1361 1195 1615 1255 effectos
1679 1194 1998 1254 deeantha
2054 1202 2141 1264 et,
2193 1193 2467 1273 Spiritus

451 1298 638 1357 diluti
686 1300 894 1380 exzyua
926 1305 1106 1379 parte
1155 1298 1430 1377 denique
1477 1297 1725 1368 addita,
1777 1295 2188 1377 evaporando
2231 1295 2315 1355 ad
2346 1296 2467 1355 Ex-

450 1408 721 1460 tractum
771 1401 1046 1480 spissum
1091 1401 1328 1481 redige.

536 1504 633 1564 Sit
678 1503 1069 1585 perfusoum,
1118 1506 1185 1564 in
1230 1506 1421 1584 Aqua
1466 1504 1723 1565 turbide
1771 1503 2060 1563 solubile.

690 1696 1247 1782 Extractum
1309 1694 1671 1782 Chinae
1734 1720 2216 1806 aquosum.

625 1845 891 1904 Cortieis
941 1845 1178 1904 Chinae
1210 1851 1448 1926 partem
1486 1865 1667 1905 emam
1715 1891 2301 1904 ..............
2410 1846 2466 1911 1.,

627 1952 842 2026 Aquae
874 1949 1151 2028 partibus
1197 1949 1389 2010 decem
1409 1995 2301 2007 .....................
2366 1949 2445 2006 Ιθ

799 2052 1043 2123 affusiS,
1099 2072 1215 2132 per
1275 2052 1470 2111 horas
1518 2052 1947 2131 quadraginta
1995 2060 2135 2110 oeto
2184 2069 2314 2109 ma-

799 2175 959 2215 cera.
1034 2155 1275 2231 Quibus
1303 2157 1635 2236 expressiS,
1671 2154 1755 2225 id,
1792 2154 1966 2235 quod
1998 2156 2311 2224 restiterit,

622 2262 840 2339 Aquae
872 2258 1150 2338 partibus
1197 2259 1390 2320 decem
1449 2306 2299 2317 ....................
2365 2259 2445 2318 10

449 2361 689 2433 affusis,
740 2382 853 2442 per
899 2362 1093 2422 horas
1142 2362 1574 2442 quadraginta
1622 2370 1763 2420 oeto
1811 2363 2038 2421 iterum
2086 2379 2354 2420 macera.

533 2465 837 2543 Liquores
872 2465 1286 2545 exprimendo
1314 2465 1566 2524 effectos
1591 2466 1680 2523 ita
1708 2484 2012 2544 evapora‚
2047 2474 2118 2523 ut
2141 2463 2466 2523 residuum

448 2570 529 2627 sit
581 2569 836 2628 duarum
885 2570 1179 2648 partium,
1247 2568 1420 2647 quod
1474 2567 1915 2647 refrigeratum
1971 2566 2139 2626 filtra
2202 2577 2263 2627 et
2323 2586 2466 2626 eva-

447 2672 739 2752 porando
789 2671 872 2731 ad
920 2672 1290 2731 Extractum
1338 2677 1527 2731 tenue
1572 2671 1810 2751 redige.

536 2774 633 2835 Sit
687 2794 719 2834 e
765 2774 960 2835 rubro
1007 2774 1282 2846 fuscum,
1331 2777 1398 2833 in
1443 2775 1633 2854 Aqua
1678 2773 1936 2834 turbide
1984 2773 2271 2833 solubile.

623 2966 1176 3051 Extractum
1238 2964 1599 3051 Chinae
1663 2965 2296 3077 spirituosum.

625 3114 891 3173 Col-tieis
941 3115 1176 3174 Chinae
1216 3120 1451 3194 partem
1496 3134 1677 3175 unam
1714 3161 2296 3174 ..............
2407 3117 2464 3190 1,

624 3217 902 3296 Spiritus
951 3218 1130 3277 diluti
1164 3218 1441 3298 partibus
1486 3219 1736 3299 quinque
1762 3265 2300 3276 ............
2404 3220 2442 3276 5

802 3320 1057 3391 additis,
1107 3341 1358 3380 macera
1403 3341 1518 3401 per
1565 3321 1699 3380 dies
1733 3340 1861 3380 sex.
1935 3319 2175 3395 Quibus
2207 3339 2310 3380 ex·

799 3426 1052 3504 pressiS,
1101 3424 1188 3496 id,
1239 3424 1412 3503 quod
1458 3426 1776 3496 restiterit,
