2808 3996
1268 236 1416 310 195

841 506 1183 594 Oleum
1245 506 1854 595 cinnamomi.

421 685 645 747 Oleum
705 686 1097 759 aethereum,
1169 687 1344 767 quod
1406 687 1588 747 offert
1650 690 1882 747 Cortex
1939 686 2349 765 Cinnamomi,

335 787 472 870 ejus
517 798 800 850 aromate
844 789 1225 870 praeditum.
1318 790 1553 871 Liquor
1597 790 1800 850 flavus
1845 790 1951 850 vel
1997 789 2347 862 subfuscuS,

332 891 638 973 ponderis
701 892 977 973 specifici
1044 895 1228 966 1‚055
1298 893 1382 954 ad
1450 896 1667 967 1,065,
1740 895 1847 974 qui
1910 913 2051 952 cum
2114 894 2350 974 Spiritu

332 998 559 1076 quavis
597 997 1012 1077 proportione
1051 996 1318 1078 limpide
1350 999 1598 1058 misceri
1636 1005 1861 1078 potest.
1956 997 2092 1057 Olei
2122 996 2349 1056 Cinna-

332 1101 528 1160 momi
567 1105 766 1182 ytaliae
810 1106 1112 1182 quattuor,
1163 1121 1306 1161 cum
1348 1102 1524 1183 quitis
1578 1106 1847 1183 quattuor
1907 1099 2092 1169 Acidi
2145 1102 2352 1160 nitrici

331 1201 636 1263 fumantis
692 1192 1179 1283 conquassatae,
1244 1224 1394 1266 acus
1449 1205 1556 1264 vel
1609 1205 1898 1264 lamellas
1954 1205 2350 1284 crystallinas

334 1304 614 1366 efficiunt
642 1326 850 1387 neque
880 1309 1058 1388 ipsae
1087 1308 1499 1368 incalescunt.
1573 1307 1708 1368 Olei
1732 1307 2131 1368 Cinnamomi
2157 1313 2352 1389 9chth

331 1414 634 1490 quattuor,
684 1410 957 1490 Spiritus
1004 1413 1342 1473 centimetrzls‘
1383 1411 1594 1472 cubicis
1635 1412 1827 1472 decem
1870 1411 2134 1482 dilutae,
2186 1416 2350 1492 quita

330 1532 453 1573 una
482 1513 775 1593 Liquoris
806 1514 981 1575 Ferri
1012 1515 1500 1595 sesquichlorati
1533 1513 1812 1595 adjecta,
1864 1515 2138 1574 colorem
2174 1513 2348 1573 dum-

330 1624 511 1675 taxat
540 1616 818 1689 fuscum,
866 1638 1075 1698 neque
1106 1639 1257 1679 vero
1297 1618 1566 1678 viridem
1601 1619 2039 1678 caeruleumve
2070 1617 2346 1677 trahant.

331 1719 547 1798 Aqua,
606 1740 750 1780 cum
799 1720 952 1781 Oleo
1001 1721 1405 1782 Cinnamomi
1453 1730 1901 1801 conquassata,
1960 1722 2203 1800 saporis
2259 1730 2352 1780 est

333 1822 562 1895 dulcis,
614 1823 845 1884 deinde
890 1825 1258 1898 ustulantis‚
1308 1827 1651 1886 aromatici.

1007 2207 1348 2294 Oleum
1410 2207 1667 2326 citri.

287 2464 292 2467 Ι
418 2385 780 2458 Fructuum,
828 2406 988 2467 quos
1031 2386 1213 2448 offert
1245 2387 1457 2447 Citrus
1492 2387 1845 2461 Limonum,
1895 2386 2100 2446 oleum
2137 2384 2345 2444 aethe-

330 2509 538 2562 reum,
602 2491 741 2550 sine
807 2490 1235 2550 destillatione
1302 2511 1380 2550 ex
1432 2490 1790 2550 recentibus
1846 2488 2162 2549 fructuum
2217 2508 2345 2546 cor-

330 2593 561 2653 ticibus
637 2603 961 2675 paratum;
1035 2594 1263 2654 coloris
1335 2615 1367 2653 e
1436 2593 1674 2654 flavido
1743 2593 2062 2673 pallol‘itis,
2135 2592 2346 2650 odoris

269 2716 276 2720 ·
333 2696 606 2768 delicati,
640 2698 849 2777 qualis
882 2707 976 2758 est
1004 2698 1348 2758 Fructuum
1375 2697 1545 2770 Ciu-i,
1583 2718 1721 2757 cum
1751 2696 1989 2776 Spiritu
2017 2716 2144 2754 non
2173 2695 2342 2753 omni

331 2801 742 2879 proportione
804 2788 1087 2881 limpide'
1134 2802 1384 2861 misceri
1448 2809 1677 2881 potest.
1790 2800 1922 2859 Olei
1979 2799 2128 2858 Citri
2181 2803 2345 2878 {jutta

331 2922 478 2978 una,
529 2921 669 2962 cum
719 2901 1039 2964 Saccharo
1088 2905 1360 2963 contrita
1417 2914 1477 2963 et
1531 2923 1672 2962 cum
1731 2902 1949 2981 Aquae
1998 2900 2345 2982 qrmrmmtae's

331 3006 651 3088 quinyentz's
682 3017 1128 3087 conquassata,
1180 3007 1327 3066 huic
1360 3007 1618 3066 odorem
1652 3005 1990 3064 Fructuum
2035 3004 2181 3063 (Jitri
2236 3023 2339 3080 pu-

331 3129 471 3169 rum
519 3111 859 3191 impertiat.

420 3212 573 3273 Oleo
627 3215 692 3274 in
745 3222 1008 3286 retorta,
1066 3213 1272 3274 donec
1327 3213 1591 3274 ebullire
1638 3213 1921 3291 incipiat,
1973 3206 2339 3279 staervesactO,

334 3314 609 3394 Spiritus
652 3335 735 3377 ne
780 3324 1083 3377 transeat.

1907 3543 1994 3587 25·
