2808 3996
1321 237 1399 290 vl

362 413 561 492 ferre,
644 434 781 500 qua
858 410 1117 477 ratione
1198 409 1500 476 codicem
1568 389 2239 476 medicamentarium
2308 433 2366 476 a.

362 542 905 609 MDCCCLXXII
942 542 1197 608 editum
1226 541 1634 624 mutandum
1672 551 1880 630 atque
1908 542 2369 631 supplendum

362 686 680 742 censeret.

513 807 769 889 Quibus
799 807 951 872 viris
990 806 1263 872 delectis
1300 815 1379 871 ut
1413 805 1662 895 aliquid
1698 805 2147 895 praeberetur,
2184 807 2368 873 unde

357 939 673 1030 profectis
728 940 803 1005 iis
858 939 1207 1028 negotium
1261 938 1437 1004 bene
1498 961 1579 1004 ac
1630 960 1952 1027 prospere
2007 939 2367 1004 succedere

356 1082 617 1162 posset,
665 1071 1110 1138 Cancellarius
1147 1070 1414 1159 Imperii
1451 1070 1832 1136 Germanici
1877 1070 2176 1160 singulas
2215 1070 2367 1136 civi-

356 1216 531 1271 tates
561 1205 872 1271 Foederis
903 1203 1282 1270 Germanici
1319 1203 1481 1269 adiit
1515 1203 1931 1292 rogavitque,
1968 1212 2047 1267 ut
2072 1195 2367 1291 primum

359 1361 513 1404 cum
565 1338 916 1403 universos
953 1336 1263 1401 homines
1317 1335 1387 1401 in
1439 1345 1580 1402 arte
1617 1335 1881 1401 medica
1936 1344 2004 1401 et
2051 1334 2367 1424 pharma-

358 1471 616 1537 ceutica
638 1471 1028 1560 prudenteS,
1053 1478 1203 1534 tum
1218 1468 1517 1534 maxime
1543 1468 1985 1533 clarissimum
2013 1477 2081 1533 et
2097 1477 2365 1557 specta-

356 1604 691 1669 tissimum
746 1625 1089 1692 quemque
1154 1625 1238 1667 ex
1299 1601 1830 1690 magistratibuS,
1896 1600 2141 1688 quibus
2207 1623 2366 1666 cura

355 1737 447 1802 rei
481 1735 894 1802 medicinalis
933 1734 1156 1800 delata
1203 1743 1333 1813 est,
1390 1733 1633 1799 deinde
1672 1756 1758 1799 ex
1792 1732 2364 1822 praeceptoribuS,

356 1869 470 1957 qui
539 1869 608 1933 in
678 1865 1225 1932 universitatibus
1296 1863 1625 1930 litterariis
1695 1864 1875 1931 hanc
1945 1863 2366 1953 disciplinam

354 2003 654 2079 tradunt,
695 2023 781 2065 ex
819 1998 1064 2064 clinicis
1097 1996 1388 2085 denique
1428 2006 1496 2062 et
1521 1996 2084 2087 pharmacopoeis
2124 1997 2206 2062 de
2235 1996 2365 2062 hac

352 2158 422 2200 re
451 2133 779 2222 judicium
815 2131 1036 2197 facere
1066 2130 1409 2219 juberent:
1449 2151 1626 2218 quae
1664 2128 2120 2195 dubitationes
2160 2151 2366 2217 quae-

355 2290 488 2355 que
520 2266 681 2331 vitia
716 2265 785 2330 in
821 2263 1077 2329 utenda
1104 2262 1685 2350 Pharmacopoea,
1725 2261 1939 2349 qualis
1979 2261 2066 2327 ad
2101 2261 2169 2326 id
2196 2270 2366 2327 tem-

351 2399 531 2488 poris
597 2406 763 2476 erat,
828 2394 1303 2485 apparuissent
1363 2403 1432 2459 et
1486 2404 1851 2481 quatenuS,
1917 2416 2001 2458 ex
2066 2415 2202 2481 quo
2256 2392 2366 2458 hic

355 2532 570 2597 codex
588 2529 881 2619 primum
905 2527 974 2592 in
990 2527 1213 2592 lucem
1230 2524 1584 2614 prodisset,
1616 2525 1811 2614 copia
1828 2524 2363 2590 medicamento-

352 2687 504 2730 rum
557 2671 759 2729 aucta
814 2669 1010 2728 esset.

508 2795 656 2877 Quo
687 2794 867 2859 facto
908 2790 1303 2868 sententiae,
1344 2812 1520 2878 quae
1547 2789 1790 2854 harum
1820 2788 2167 2854 civitatum
2204 2789 2362 2855 hor-

354 2939 501 2996 tatu
531 2928 748 2994 dictae
777 2934 954 3003 sunt,
993 2922 1359 3011 assumptis
1391 2944 1841 3010 quaecunque
1868 2921 2056 2986 utilia
2093 2921 2363 2988 aliunde

353 3061 612 3128 monita
667 3067 881 3137 erant,
938 3056 1227 3122 selectae
1282 3054 1720 3143 digestaeque
1785 3062 1853 3119 et
1911 3053 1981 3118 in
2040 3053 2364 3119 idoneum

356 3194 656 3260 ordinem
682 3191 1012 3267 redactae,
1043 3186 1316 3253 consilio
1344 3185 1435 3250 illi
1466 3186 1552 3251 ad
1579 3185 2125 3274 perscribendam
2151 3185 2362 3251 Phar-

353 3345 800 3414 macopoeam
838 3320 1205 3387 constituto
1237 3317 1431 3406 quasi
1463 3317 1910 3383 fundamento
1946 3317 2363 3384 deliberatio-

354 3481 521 3525 num
573 3456 863 3523 fuerunt.
