2808 3996
1255 275 1401 346 177

729 453 1293 564 Manganum
1355 452 1933 538 sulfuricum.

408 613 730 694 Crystalla
801 614 1031 674 coloris
1107 615 1307 685 rosei,
1386 615 1748 686 rhombica,
1829 614 2208 683 fatiscentia,
2279 616 2342 674 in

305 716 584 797 partibus
629 715 738 794 0,8
781 715 1008 796 Aquae
1055 716 1380 788 solubilia,
1430 719 1495 776 in
1544 717 1788 797 Spiritu
1843 736 1973 777 non
2028 716 2340 775 solubilia.

319 817 563 880 Solutio
611 838 854 898 aquosa
898 819 1205 878 neutralis
1264 826 1357 879 est
1412 826 1497 890 et,
1557 819 1777 879 addito
1823 819 2034 898 Baryo
2097 819 2341 888 nitricO,

319 921 742 981 sedimentum
789 921 1039 992 album,
1087 923 1155 980 in
1184 921 1389 981 Acido
1436 921 1935 1000 hydrochlorico
1983 920 2341 990 insolubile,

320 1022 540 1082 addito
586 1023 860 1103 Liquore
906 1023 1230 1083 Ammonii
1277 1022 1598 1093 sulfurati,
1649 1023 2071 1083 sedimentum
2120 1041 2152 1081 e
2200 1021 2343 1080 sub-

317 1124 515 1184 rubro
575 1126 797 1185 album
856 1125 1150 1186 demittit.
1258 1123 1453 1205 Cujus
1516 1126 1666 1185 salis
1717 1125 1972 1206 9rarmlo
2029 1143 2144 1185 uno
2202 1143 2343 1182 cum

317 1226 590 1306 Liquore
635 1228 824 1288 Natri
872 1229 1132 1288 caustici
1179 1229 1412 1288 siccato
1462 1234 1523 1287 et
1569 1228 1653 1288 ad
1700 1227 2180 1306 liquescendum
2227 1225 2342 1284 fer-

315 1329 592 1400 vefactO,
662 1330 990 1390 residuum
1055 1338 1251 1390 restet
1315 1329 1667 1410 perviride,
1738 1331 1805 1389 in
1864 1328 2054 1408 Aqua
2123 1327 2344 1387 eodem

317 1423 529 1491 colore
577 1433 865 1493 solubile.

405 1533 648 1595 Solutio
683 1555 927 1615 aquosa
960 1536 1232 1610 (1:20),
1269 1555 1413 1595 cum
1446 1535 1668 1616 aliquot
1690 1535 1865 1617 ,quitis
1887 1533 2074 1594 Acidi
2105 1532 2342 1612 hydro-

317 1635 581 1696 chlorici
629 1646 690 1697 et
720 1639 945 1718 Aquae
979 1639 1306 1698 chloratae
1354 1637 1724 1708 fervefacta,
1759 1657 1866 1708 ne,
1903 1635 2124 1696 addito
2157 1635 2343 1694 Kalio

317 1738 803 1820 sulfo-cyanatO,
841 1741 1119 1801 colorem
1145 1741 1412 1800 rubrum
1437 1739 1673 1809 trahat,
1707 1757 1868 1797 neve
1892 1738 2082 1818 Aqua
2107 1737 2343 1816 hydro-

317 1841 628 1902 sulfurata
675 1850 971 1903 mutetur.
1070 1843 1136 1903 Si
1182 1843 1574 1922 Manganum
1619 1842 1958 1901 Ammonio
2007 1840 2343 1899 carbonico

315 1946 863 2025 praecipitaveris,
935 1945 1031 2015 id,
1104 1945 1278 2025 quod
1342 1943 1648 2003 filtratum
1714 1945 1856 2015 erit,
1931 1949 2343 2022 evaporatum

316 2054 507 2126 atque
531 2046 965 2118 fervefactum,
993 2068 1072 2106 ne
1097 2048 1301 2106 ullum
1325 2047 1650 2106 residuum
1675 2047 2012 2124 relinquat.
2080 2045 2340 2112 SolutiO,

316 2168 508 2228 quam
542 2170 621 2209 ex
637 2149 917 2230 partibus
941 2149 1282 2231 aequalibus
1315 2150 1465 2208 salis
1501 2156 1560 2207 et
1583 2149 1793 2207 Natrii
1828 2148 2047 2206 acetici
2078 2148 2143 2205 in
2175 2147 2343 2224 copia

315 2252 650 2332 decemplici
677 2253 902 2332 Aquae
944 2253 1103 2311 etin
1151 2251 1374 2332 aliquot
1411 2252 1585 2331 qumis·
1617 2249 1802 2309 Acidi
1851 2249 2074 2308 acetici
2123 2249 2342 2307 solutis

316 2354 622 2425 effeceris,
674 2355 862 2434 Aqua
908 2353 1438 2433 hydrosulfurata
1483 2373 1564 2411 ne
1610 2352 1920 2411 turbetur.

405 2457 598 2538 Cujus
653 2458 802 2517 salis
853 2478 1134 2539 yramma
1190 2476 1398 2532 unum,
1463 2456 1689 2515 leniter
1737 2453 2205 2521 candefactum,
2263 2472 2342 2511 ne

314 2561 462 2640 plus
509 2579 703 2640 quam
744 2565 1088 2642 yrammata
1134 2558 1332 2636 Ο,322
1375 2557 1461 2618 ad
1501 2556 1697 2634 0,335
1743 2556 2028 2636 pondere
2076 2558 2338 2614 amittat.

1150 2764 1519 2849 Manna.

405 2913 642 2973 Succus
700 2932 734 2972 e
786 2920 1043 2983 trunco,
1105 2931 1293 2995 quem
1351 2910 1536 2969 offert
1591 2910 1903 2969 Fraxinus
1954 2911 2195 2967 ornus,
2253 2908 2339 2964 in-

315 3024 485 3076 secto
519 3015 775 3075 effectus
817 3023 878 3075 et
918 3016 1084 3075 ultro
1118 3017 1405 3074 siccatus.
1491 3016 1723 3071 Manna
1759 3011 2097 3070 cannulaffa
2145 3008 2342 3066 frusta

317 3118 687 3197 crystallina
727 3117 994 3198 praebet
1034 3116 1375 3176 rotundato
1414 3117 1669 3193 trigona
1706 3114 1810 3172 vel
1843 3114 2057 3193 plana,
2109 3111 2339 3169 canali-

318 3221 545 3291 culata,
596 3221 823 3280 coloris
852 3218 1390 3288 subflavescentis,
1438 3219 1607 3276 intus
1641 3216 1789 3283 albi,
1841 3216 2082 3293 saporis
2118 3213 2336 3270 duleis.

318 3325 555 3382 Manna
600 3322 949 3382 communis
1000 3342 1032 3380 c
1079 3321 1364 3400 granulis
1414 3328 1659 3377 constat
1716 3338 1824 3376 seu
1885 3316 2092 3374 frustis
2141 3314 2339 3392 quali-

318 3425 465 3485 tatis
512 3424 651 3508 jam
699 3423 1082 3504 descriptae,
1139 3442 1303 3503 quae
1359 3441 1569 3481 massa
1616 3420 1821 3489 molli,
1873 3416 2195 3485 subfusca„
2247 3435 2340 3473 sa-

1937 3546 1991 3587 253
