2808 3996
1316 260 1412 330 65

360 441 586 521 Aquae
610 440 901 500 trecenties
923 445 1101 498 tanto
1125 439 1366 519 majore
1393 440 1662 508 coxeris,
1696 438 2171 517 refrigeratione
2195 438 2381 510 facta,

361 544 539 604 flocci
586 543 843 603 Chinini
898 542 964 600 in
1010 541 1255 619 liquore
1302 540 1537 600 filtrato
1585 542 2095 620 praecipitentur.
2192 540 2384 621 Cujus

361 647 690 707 solutionis
746 643 1171 704 decanthatae
1236 652 1297 702 et
1351 642 1758 719 refrigeratae
1807 642 2083 722 partibus
2137 645 2387 725 quinque

361 752 414 809 si
455 754 695 829 partem
758 766 940 807 unam
995 745 1220 824 Aquae
1278 745 1605 804 chloratae
1662 744 1989 804 addideris
2055 753 2116 805 et
2177 748 2385 805 statim

359 852 698 931 Liquorem
767 849 1091 908 Ammonii
1154 849 1413 907 caustici
1481 847 1905 918 i1‘1stillaveriS,
1979 847 2152 907 color
2219 848 2387 907 belle

361 953 584 1013 viridis
632 954 887 1012 oriatur.

850 1184 1212 1270 Cortex
1274 1181 1888 1268 cinnamomi.

450 1365 798 1424 Ramorum
844 1361 950 1420 vel
1003 1362 1425 1419 recentiorum
1472 1368 1839 1418 truncorum
1889 1368 2131 1430 cortex,
2203 1378 2389 1438 quem

365 1468 639 1528 offerunt
683 1466 925 1544 species
974 1462 1369 1521 Cinnamomi
1418 1461 1659 1521 Chinae
1699 1462 2152 1521 meridionalis
2225 1461 2400 1520 Tubi·

361 1571 469 1630 vel
522 1567 818 1629 semitubi
871 1565 1164 1646 pedales,
1233 1565 1591 1624 cente'metros
1644 1563 1946 1622 dimidium
1994 1563 2073 1622 ad
2125 1568 2237 1623 tres
2284 1573 2393 1623 aut

366 1693 560 1754 supra
592 1671 811 1750 ampli,
860 1667 1216 1728 millc'metros
1247 1687 1429 1726 unum
1463 1666 1545 1725 ad
1594 1671 1707 1726 tres
1755 1667 1967 1737 crassi,
2018 1667 2188 1725 intus
2214 1664 2390 1737 fusci,

367 1776 596 1836 subere
644 1793 678 1832 e
725 1771 1025 1832 subfusco
1076 1772 1301 1849 griseo,
1350 1769 1642 1849 paullum
1689 1770 1920 1827 rimoso
1967 1770 2117 1827 tecti
2165 1776 2273 1828 aut
2296 1788 2393 1828 su-

366 1880 518 1939 bere
548 1896 751 1957 paene
775 1893 1035 1955 prorsus
1061 1873 1332 1943 liberati,
1359 1873 1648 1952 plerique
1675 1891 1805 1930 non
1834 1873 2169 1930 crassiores
2201 1891 2394 1950 quam

366 1980 752 2042 millimetrum
801 1979 1045 2037 circiter
1091 1995 1301 2051 unum,
1373 1983 1508 2034 tum
1564 1973 1756 2033 iidem
1824 1973 2173 2052 superficiei
2228 1974 2395 2032 clare

368 2084 609 2153 fuscae,
665 2100 780 2161 per
826 2079 1286 2157 longitudinem
1335 2096 1626 2136 venosae.
1724 2076 1953 2136 Cortex
2001 2076 2396 2135 Cinna-momi

369 2187 481 2246 illo
530 2191 839 2252 aromate,
911 2181 1085 2260 quod
1157 2183 1212 2240 ei
1258 2180 1590 2259 proprium
1654 2187 1772 2248 est,
1831 2177 2024 2237 valde
2069 2177 2395 2257 praeditus

370 2290 475 2358 sit3
523 2306 641 2346 nec
672 2285 913 2345 habeat
958 2303 1252 2363 saporem
1300 2283 1579 2341 alienum
1626 2282 2040 2360 pituitarium.

844 2516 1206 2603 Cortex
1269 2514 1926 2624 Condurango.

462 2698 721 2766 Cortex,
779 2714 969 2774 quem
1027 2693 1209 2752 offert
1263 2692 1628 2751 Gonolobus
1679 2692 2134 2767 Cundurange.
2238 2688 2399 2747 Sunt

374 2801 578 2861 frusta
609 2797 1031 2858 canaliculata
1060 2796 1164 2854 vel
1196 2794 1334 2853 tubi
1366 2795 1683 2853 remlrvati
1732 2794 1980 2852 circiter
2026 2812 2205 2851 meum
2253 2791 2396 2849 (leel-

376 2908 623 2963 metrum
668 2901 845 2977 longi
895 2907 956 2957 et
996 2918 1176 2957 meum
1209 2896 1293 2955 ad
1340 2902 1554 2975 septem
1602 2894 1953 2954 mz'lllv‘cetros
2001 2895 2210 2962 crassi,
2246 2913 2396 2971 quo-

377 3026 517 3065 rum
565 3002 926 3082 superficies
974 3000 1201 3058 coloris
1248 2998 1528 3058 subfusci
1577 2998 1680 3055 vel
1730 3018 1762 3054 e
1809 2996 1983 3055 fusco
2031 2997 2214 3071 grisei
2264 2994 2396 3069 gib-

378 3108 537 3167 bosa
583 3115 644 3165 et
691 3124 803 3183 per
851 3102 1312 3177 longitudinem
1363 3120 1620 3178 rugosa,
1680 3098 1869 3157 facies
1927 3098 2182 3156 interior
2230 3097 2396 3154 clare

380 3211 612 3287 grisea,
696 3227 806 3286 per
879 3202 1339 3281 longitudinem
1406 3202 1605 3261 solide
1670 3202 1889 3259 striata
1959 3209 2067 3257 est.
2194 3200 2397 3256 sectio

381 3321 747 3371 transversa
801 3307 917 3365 sub
975 3305 1200 3364 subere
1255 3306 1456 3372 tenui,
1517 3302 1690 3361 fusco
1738 3302 1927 3361 telam
1980 3299 2394 3377 aequabilem,

384 3411 696 3481 albidani,
763 3409 1038 3469 flexuose
1086 3406 1429 3473 radiatam,
1502 3401 1850 3482 grandibus
1914 3402 2156 3459 cellulis
2219 3400 2396 3459 indu-

2022 3531 2047 3571 9
