2808 3996
1381 295 1534 364 236

443 472 632 551 Aqua
679 471 887 543 ablue,
937 477 1073 531 tum
1122 478 1329 542 caute,
1379 471 1494 531 sed
1524 473 1938 532 vehementer
1981 493 2349 554 expressum
2382 483 2471 536 at-

444 593 566 652 que
610 575 679 632 in
725 572 927 633 frusta
974 575 1302 634 concisum
1346 574 1488 633 loco
1534 575 1753 654 tepido
1802 577 1984 635 sicca.

531 675 626 735 Sit
673 675 887 746 albus,
937 675 1116 735 haud
1161 675 1492 747 rancidus,
1555 684 1616 736 et
1638 679 1728 738 'in
1774 677 1964 757 Aqua
2011 685 2072 737 et
2115 679 2184 737 in
2231 678 2474 758 Spiritu

442 778 749 837 solubilis.

529 879 668 939 Hae
740 880 1089 940 solutiones
1159 879 1349 960 Aqua
1416 880 1943 959 hydrosulfurata
2003 902 2086 941 ne
2148 890 2473 941 mutentur

440 1001 628 1053 neve,
688 981 908 1041 addito
962 981 1390 1062 Hydrargyro
1444 982 1831 1054 bichlorat0‚
1887 983 2313 1044 sedimentum
2370 1004 2470 1044 co-

439 1084 716 1144 loratum
765 1084 1120 1145 demittant.

1115 1332 1799 1420 saturationes.

527 1491 1036 1573 Quotiescunque
1083 1496 1392 1554 saturatio
1446 1496 1539 1555 ita
1583 1496 1977 1575 praescripta
2032 1496 2174 1565 erit,
2231 1501 2328 1565 ut,
2388 1514 2470 1555 ex

437 1596 669 1674 quibus
726 1597 1017 1676 partibus
1060 1616 1198 1658 eam
1239 1599 1536 1678 componi
1576 1605 1893 1679 oporteat,
1947 1617 2076 1657 non
2130 1596 2463 1667 indicetur,

436 1697 619 1757 Potio
666 1698 883 1758 Riveri
932 1698 1364 1779 dispensanda
1412 1707 1524 1761 est.

1102 1947 1457 2042 Sebum
1519 1948 1799 2034 ovile.

523 2107 788 2179 Sebum,
838 2108 1013 2189 quod
1059 2110 1326 2190 praebet
1372 2109 1532 2170 Ovis
1580 2110 1795 2187 Aries,
1855 2109 2104 2180 album,
2164 2108 2462 2179 solidum,

436 2210 645 2269 calore
694 2212 939 2271 circiter
972 2212 1088 2271 470
1132 2211 1400 2292 limpide
1446 2212 1826 2291 liquescenS,
1885 2211 2102 2272 odoris
2150 2212 2461 2292 specialiS,

433 2312 608 2371 haud
679 2314 944 2372 rancidi.
1047 2314 1115 2374 Si
1178 2314 1328 2375 Sebi
1379 2319 1618 2393 partem
1679 2333 1861 2374 unam
1910 2333 2053 2373 cum
2102 2318 2283 2394 parte
2342 2333 2465 2373 una

434 2414 713 2493 Spiritus
740 2415 1114 2476 calefactam
1143 2417 1686 2496 conquassaveris,
1721 2416 1948 2495 liquor,
1983 2415 2462 2494 refrigeratione

435 2515 748 2588 confecta,
827 2518 1092 2598 limpide
1170 2518 1622 2589 decanthatuS,
1692 2524 1872 2599 parte
1940 2517 2176 2600 aequali
2238 2518 2462 2597 Aquae

433 2618 680 2690 addita,
730 2620 1035 2700 limpidus
1082 2630 1340 2681 maneat
1384 2639 1594 2700 neque
1642 2622 1932 2680 chartam
1965 2621 2462 2700 exploratoriam

433 2729 647 2781 mutet.
721 2723 795 2781 In
826 2724 1098 2802 pondere
1143 2723 1362 2803 duplici
1387 2723 1651 2783 Benzini
1697 2723 1970 2783 Petrolei
2014 2723 2253 2783 Sebum
2293 2723 2462 2782 lente

431 2822 726 2893 solvitur,
777 2824 916 2894 sed,
967 2825 1281 2884 solutione
1328 2827 1397 2884 in
1427 2845 1579 2885 vase
1627 2826 1843 2885 clauso
1878 2825 2116 2885 diutius
2157 2826 2455 2905 seposita,

431 2926 781 2985 maximam
824 2934 1075 3007 partem
1120 2929 1188 2986 in
1235 2927 1537 3007 crystalla
1583 2927 1836 2987 secedit.

972 3173 1320 3260 Secale
1383 3176 1902 3260 cornutum.

515 3333 801 3414 FunguS,
852 3337 952 3395 cui
993 3356 1227 3396 nomen
1268 3344 1361 3396 est
1402 3337 1733 3416 Claviceps
1779 3356 2130 3416 purpurea,
2181 3355 2254 3395 eo
2300 3343 2453 3395 tem-

427 3454 610 3513 pore,
660 3456 787 3515 quo
832 3457 911 3496 ex
941 3439 1343 3498 incrementis
1377 3439 1705 3518 capiendis
1737 3440 2092 3517 requiescit,
2129 3438 2449 3507 collectus,
