2808 3996
1345 276 1493 346 242

914 454 1316 568 Species
1376 453 1945 582 pectorales.

591 631 845 692 Radicis
879 632 1176 691 Althaeae
1207 636 1416 710 partes
1461 635 1586 690 octo
1634 677 2258 689 ...............
2361 631 2422 705 8,

591 735 847 794 Radicis
895 733 1263 812 Liquiritiae
1308 734 1646 791 mundatae
1691 738 1896 811 partes
1941 737 2055 791 tres
2072 780 2255 790 .....
2363 735 2422 807 3,

590 836 971 896 Rhizomatis
1020 835 1204 895 Iridis
1237 841 1474 915 partem
1518 855 1698 895 unam
1724 882 2259 893 .............
2366 838 2423 909 l,v

591 940 913 999 Foliorum
960 940 1258 998 Farfarae
1290 943 1497 1018 partes
1536 942 1809 1019 quattuor
1855 985 2258 996 ..........
2365 939 2424 1011 4,

594 1043 850 1102 Florum
894 1041 1195 1102 Verbasci
1226 1046 1434 1121 partes
1480 1041 1632 1101 duas
1680 1088 2258 1099 ..............
2362 1041 2425 1114 2,

590 1148 934 1205 Fructuum
964 1143 1141 1204 Anisi
1172 1149 1381 1225 partes
1425 1142 1576 1205 duas
1593 1190 2258 1202 ................
2362 1144 2406 1202 2

415 1250 622 1308 misce.

1201 1513 1628 1626 Spiritus.

501 1690 735 1770 Liquor
781 1692 1004 1751 coloris
1060 1711 1311 1771 expers,
1370 1691 1699 1771 limpidus,
1754 1692 2058 1762 volatilis,
2118 1690 2199 1751 ad
2249 1711 2423 1750 exar-

418 1794 801 1854 descendum
865 1794 1090 1863 facilis‚
1167 1793 1425 1853 flamma
1496 1794 1784 1873 paullum
1863 1795 2110 1854 lucente
2174 1793 2421 1865 ardenS‚

415 1896 744 1967 neutralis,
801 1896 1011 1956 odoris
1058 1898 1380 1976 specialis,
1429 1898 1672 1976 saporis
1718 1898 2071 1962 ustulantis.

504 1999 694 2080 Cujus
740 1999 991 2079 pondus
1049 1999 1411 2080 specificum
1468 2001 1546 2060 sit
1595 2000 1781 2069 0‚830
1842 2000 1924 2060 ad
1976 2001 2195 2071 O‚S34‚
2251 1999 2423 2080 quod

414 2104 479 2161 in
523 2108 744 2162 centum
776 2101 1053 2182 partibus
1104 2102 1447 2182 respondet
1479 2102 1804 2162 Alcoholis
1824 2102 2100 2182 partibus
2131 2123 2425 2163 mensura

418 2204 719 2264 dimensis
758 2204 910 2282 91,2
951 2205 1034 2265 ad
1076 2204 1245 2282 90‚0‚
1286 2208 1527 2265 trutina
1584 2204 1884 2265 dimensis
1939 2205 2089 2282 87,2
2139 2205 2221 2266 ad
2255 2204 2420 2282 85,6.

503 2308 804 2387 Spiritum
874 2328 1013 2368 cum
1083 2309 1269 2388 Aqua
1314 2311 1538 2388 quavis
1593 2311 2001 2388 proportione
2047 2311 2134 2369 ita
2180 2311 2424 2369 misceri

413 2430 598 2491 posse
645 2419 909 2491 oportet,
959 2420 1029 2471 ut
1072 2412 1349 2471 turbatio
1383 2431 1513 2471 non
1544 2411 1670 2471 fiat.
1755 2412 2111 2473 Grammalz's
2141 2414 2423 2494 quinqua-

411 2515 598 2595 qima,
669 2514 898 2593 quibus
962 2520 1157 2596 quibas
1220 2515 1414 2575 decem
1467 2515 1755 2594 Liquoris
1811 2515 1958 2574 Kali
2015 2517 2269 2575 caustici
2317 2515 2422 2576 ad-

406 2614 652 2696 jeceris,
702 2616 785 2676 ad
811 2623 1150 2698 yrammata
1182 2618 1425 2676 circiter
1456 2619 1706 2699 quinque
1731 2619 2105 2696 evaporans,
2131 2617 2216 2690 id,
2251 2618 2423 2698 quod

414 2720 727 2790 restiterit‚
787 2719 985 2779 Acido
1042 2719 1339 2779 sulfurico
1390 2719 1589 2779 diluto
1636 2722 1701 2779 in
1752 2740 2007 2780 excessu
2053 2731 2421 2791 saturatum,

415 2843 496 2882 ne
542 2822 799 2882 odorem
849 2823 1105 2883 exhalet
1150 2824 1272 2882 olei
1297 2821 1534 2894 foetidi,
1583 2823 1756 2903 quod
1795 2824 2018 2902 lingua
2049 2823 2424 2884 Germanica

414 2925 702 2985 Fuseloel
731 2935 1009 2986 vocatur.
1091 2925 1491 2987 Volumz'm'bus
1536 2926 1874 3008 aequalibus
1919 2926 2102 2986 Acidi
2142 2926 2422 2987 sulfurici

419 3036 479 3088 et
524 3028 791 3109 Spiritus
846 3031 912 3088 in
966 3029 1121 3089 tubo
1170 3031 1593 3109 exploratorio
1648 3049 1760 3110 per
1816 3037 2012 3090 strata
2068 3039 2247 3090 caute
2303 3030 2421 3090 dis-

410 3131 670 3213 junctis,
719 3152 878 3191 zona
909 3131 1283 3191 intermedia
1314 3133 1538 3192 coloris
1568 3133 1733 3192 rosei
1764 3153 1846 3192 ne
1885 3135 2137 3193 oriatur.
2214 3133 2420 3194 &am-

415 3236 587 3295 matz's
655 3235 846 3295 decem
917 3234 1185 3315 Spiritus
1255 3254 1397 3295 cum
1459 3237 1634 3317 yuttz's
1688 3237 1884 3318 viyz'nte‘
1922 3236 2208 3316 Liquoris
2254 3237 2421 3295 Kalii

416 3340 893 3418 permanganici
915 3337 1308 3397 volumetrici
1341 3340 1711 3410 commixtis,
1745 3339 2006 3418 liquoris
2033 3339 2204 3398 color
2233 3339 2422 3398 ruber

417 3459 498 3500 ne
544 3440 732 3502 abeat
776 3441 844 3499 in
889 3439 1125 3499 flavum
1171 3443 1291 3500 nisi
1336 3441 1618 3522 longiore
1649 3443 1951 3522 temporis
1982 3443 2186 3522 spatio
2219 3442 2422 3518 (tertia
