2808 3996
1365 295 1516 365 296

845 473 1437 585 Unguentum
1500 473 2026 589 diaehylon.

612 651 955 731 Emplastri
1002 649 1364 727 Lithargyri
1402 656 1612 730 partes
1657 653 1907 734 quinque
1960 701 2278 715 ........
2381 659 2421 717 5

791 753 1062 813 eluendo
1089 773 1126 812 a
1144 752 1482 832 Glycerino
1509 762 1569 813 et
1585 752 1953 833 seponendo
1977 757 2043 814 in
2060 756 2291 817 balneo

788 876 991 936 aquae
1039 856 1119 915 ab
1167 855 1356 935 Aqua
1401 855 1628 927 libera,
1681 855 1906 917 deinde
1953 878 2096 918 eum

612 960 752 1020 Olei
794 959 1125 1019 olivarum
1157 959 1432 1039 partibus
1477 961 1726 1041 quinque
1744 1009 2279 1024 .............
2384 969 2420 1025 5

435 1065 565 1124 leni
618 1065 825 1124 calore
877 1064 944 1122 in
997 1062 1230 1122 balneo
1285 1081 1488 1142 aquae
1541 1063 1849 1142 liquando
1905 1064 2197 1125 confusas
2253 1069 2441 1146 agita,

439 1167 641 1227 donee
665 1186 923 1246 prorsus
946 1165 1353 1244 refrigeratae
1380 1174 1580 1225 erunt.
1634 1165 2041 1243 Unguentum
2070 1168 2441 1241 confectum,

435 1278 773 1350 postquam
827 1289 941 1349 per
998 1268 1240 1347 aliquot
1292 1269 1483 1327 horas
1537 1270 1916 1349 seposueriS‚
1972 1270 2197 1330 iterum
2253 1274 2440 1350 agita.

525 1372 619 1433 Sit
663 1379 1058 1452 unguentum
1102 1390 1303 1452 prope
1352 1371 1588 1431 album.

852 1681 1445 1793 Unguentum
1508 1679 2017 1796 Glycerini.

611 1861 1092 1937 Tragaeanthae
1136 1859 1503 1939 pulveratae
1543 1861 1715 1939 parti
1755 1862 1859 1920 um'
1873 1907 2279 1922 ..........
2386 1865 2420 1922 1

786 1982 929 2022 eum

611 2066 888 2148 Spiritus
922 2065 1196 2145 partibus
1242 2067 1490 2147 quinque
1522 2112 2278 2127 ..................
2382 2070 2420 2127 5

786 2171 1091 2230 contritae
1138 2167 1411 2228 admisce

613 2272 933 2351 Glycerini
966 2277 1173 2351 partes
1219 2273 1637 2354 quinquaqinta
1654 2320 2277 2332 ...............
2339 2276 2441 2333 50.

524 2377 723 2454 Quam
771 2377 1141 2435 mixtionem
1187 2376 1255 2434 in
1300 2375 1532 2434 balneo
1578 2377 1834 2454 vaporis
1882 2375 2170 2435 calefaee.

521 2480 934 2560 Unguentum
981 2478 1225 2551 album,
1277 2477 1702 2559 diaphanum‚
1754 2479 2102 2557 aequabile.

620 2772 1212 2885 Unguentum
1272 2771 1866 2886 Hydrargyri
1927 2771 2257 2858 album.

784 2950 882 3010 Ex

613 3053 1016 3134 Hydrargyri
1061 3052 1453 3133 praecipitati
1500 3051 1625 3111 albi
1656 3057 1836 3133 parte
1880 3072 2001 3114 una
2046 3100 2275 3112 ......
2384 3056 2418 3113 1

789 3166 849 3217 et

615 3260 934 3339 Unguenti
981 3259 1282 3319 Pal-affini
1314 3257 1591 3339 partibus
1635 3277 1837 3319 novem
1871 3305 2275 3318 ..........
2380 3261 2418 3318 9

787 3362 1163 3443 parandum.

525 3466 932 3546 Unguentum
982 3465 1216 3525 album.
