2808 3996
1433 280 1531 351 88

643 458 922 539 Spiritus
956 459 1234 539 partibus
1280 460 1605 541 quindecim
1645 507 2315 524 ................
2402 466 2480 523 15

816 563 983 622 inter
1028 582 1094 622 se
1149 564 1532 634 commixtis,
1590 583 1842 623 macera
1879 584 1995 644 per
2025 563 2326 625 triduum.

817 665 1059 742 Quibus
1094 667 1425 746 expressiS,
1459 667 1547 738 id,
1597 666 1772 746 quod
1818 668 2135 738 restiterit,

640 769 922 830 Aetheris
955 769 1234 850 partibus
1280 770 1476 831 decem
1510 818 2315 831 ...................
2401 776 2481 834 10

817 880 877 932 et

639 975 917 1057 Spiritus
951 976 1229 1057 partibus
1274 976 1469 1038 decem
1509 1024 2314 1037 ...................
2402 981 2481 1038 10

462 1081 625 1140 inter
671 1099 736 1140 se
784 1081 1141 1140 commixtis
1187 1100 1302 1161 per
1346 1080 1631 1140 triduum
1676 1081 1904 1140 iterum
1956 1100 2221 1139 macera.

550 1185 852 1264 Liquores
907 1183 1325 1265 exprimendo
1390 1184 1641 1244 effectos
1703 1186 1896 1244 misce
1954 1192 2014 1243 et
2069 1182 2478 1264 evaporando

464 1288 546 1348 ad
614 1287 984 1347 Extractum
1045 1292 1232 1347 tenue
1278 1286 1513 1366 redige.

550 1390 645 1451 Sit
690 1389 955 1462 fuscum,
1004 1392 1071 1450 in
1116 1390 1306 1470 Aqua
1351 1410 1481 1450 non
1535 1389 1824 1450 solubile.

548 1494 907 1575 Antequam
956 1493 1304 1575 dispenses,
1355 1513 1728 1573 conquassa.

925 1745 1482 1832 Extractum
1541 1745 1663 1831 Di
1671 1745 2003 1858 gitalis.

636 1912 884 1971 Herbae
929 1909 1226 1988 Digitalis
1273 1909 1542 1969 recentis
1591 1915 1650 1969 et
1697 1909 2085 1968 florescentis
2122 1914 2328 1989 parles

1514 2013 1709 2074 decem
1726 2059 2313 2072 ..............
2380 2014 2479 2086 10,

635 2122 852 2197 Aquae
885 2123 1063 2198 parte
1102 2138 1222 2179 una
1239 2163 2313 2177 .........................
2424 2117 2455 2173 l

811 2241 1197 2302 conspersas,
1247 2222 1313 2281 in
1344 2221 1649 2280 mortario
1689 2219 1947 2300 lapideo
1988 2218 2323 2290 contunde,

808 2334 943 2386 tum
992 2326 1292 2406 exprime.
1389 2323 1572 2398 Quod
1621 2323 1810 2395 idem,

633 2433 849 2509 Aquae
882 2428 1159 2510 partibus
1206 2427 1387 2490 tribus
1419 2473 2311 2488 .....................
2418 2428 2457 2485 3

810 2533 1070 2604 additiS,
1128 2534 1302 2592 itera.

894 2636 1197 2716 Liquores
1230 2637 1462 2695 mixtos
1496 2643 1557 2695 et
1589 2634 1671 2695 ad
1706 2635 1980 2695 calorem
2016 2634 2130 2693 800
2164 2632 2324 2693 cale-

807 2739 1009 2800 factos
1081 2740 1220 2800 cola
1290 2748 1351 2798 et
1419 2738 1503 2798 ad
1556 2743 1767 2819 partes
1820 2738 1972 2798 duas
2019 2755 2322 2816 evapora3

809 2862 968 2924 quas
1020 2843 1188 2903 dilue

633 2947 911 3027 Spiritus
946 2946 1224 3027 partibus
1257 2945 1486 3007 duabus
1504 2990 2310 3006 ...................
2414 2943 2474 3001 2.

894 3051 1293 3122 Mixtionem,
1359 3049 1677 3109 interdum
1727 3055 2214 3127 conquassatam
2263 3052 2324 3105 et

807 3155 876 3215 in
908 3155 1100 3214 horas
1148 3161 1450 3234 quattuor
1479 3153 1710 3232 viginti
1743 3154 2110 3231 sepositam,
2162 3149 2318 3210 cola.

895 3258 1242 3318 Residuum
1290 3258 1380 3317 sic
1428 3256 1716 3316 effectum
1766 3275 1909 3315 cum

635 3362 912 3441 Spiritus
961 3361 1139 3421 diluti
1172 3366 1352 3441 parte
1396 3380 1517 3420 una
1548 3404 2306 3418 ..................
2416 3359 2448 3414 l

456 3465 523 3525 in
569 3484 722 3525 vase
772 3465 986 3525 clauso
1043 3463 1333 3545 paullum
1382 3461 1656 3524 caleface
1699 3470 1759 3522 et
1806 3462 2057 3541 saepius
2101 3478 2469 3539 conquassa.
