2808 3996
1288 276 1434 345 145

353 456 597 516 Solutio
646 474 911 533 aquosa,
969 454 1022 513 si
1071 454 1304 532 exigua
1351 453 1539 532 Aqua
1587 454 1877 514 chlorata
1923 459 2380 537 temperaveris

353 566 414 617 et
445 577 586 616 cum
620 556 898 616 Aethere
928 557 1034 615 vel
1067 555 1535 616 Chloroformio
1571 561 2111 636 conquassaveriS,
2149 560 2381 620 horum

349 661 601 738 utrique
666 659 941 718 colorem
1005 678 1038 717 e
1099 658 1295 718 rubro
1350 658 1589 718 flavum
1646 660 1917 730 inducit,
1979 681 2122 720 cum
2176 661 2381 723 Acido

349 763 650 822 tartarico
703 763 766 820 in
827 780 1087 821 excessu
1135 761 1358 821 addito
1405 763 1699 841 paullum
1747 765 2025 843 seposita
2072 763 2381 824 sedimen.-

349 875 487 925 tum
536 865 774 935 album,
826 865 1270 943 crystallinum
1319 863 1611 924 demittit.

439 967 696 1026 Kalium
744 966 1134 1038 bromatum,
1187 986 1378 1026 ansae
1426 966 1517 1026 fili
1564 968 1831 1047 platinei
1879 967 2169 1040 affixum,
2204 969 2382 1028 flani-

352 1090 519 1129 mam
559 1067 701 1149 jam
748 1069 896 1128 inde
945 1069 1026 1129 ab
1068 1071 1246 1128 initio
1297 1070 1505 1129 colore
1538 1071 1821 1130 violaceo
1855 1070 2110 1130 inficiat.
2205 1072 2385 1132 Idem

354 1173 723 1242 contritum,
781 1173 834 1231 si
887 1173 955 1230 in
1007 1172 1232 1231 tabula
1284 1173 1715 1252 porcellanica
1770 1173 1920 1233 alba
1975 1174 2381 1253 expanderis,

353 1275 574 1334 addita
616 1280 783 1356 quita
829 1295 951 1335 una
997 1274 1184 1334 Acidi
1230 1274 1516 1335 sulfurici
1567 1274 1781 1347 diluti,
1830 1296 1910 1335 ne
1958 1278 2172 1336 statim
2221 1279 2385 1337 colo-

351 1398 485 1437 rem
548 1376 787 1436 flavum
849 1377 1083 1437 trahat.
1191 1376 1502 1458 Ejusdem
1567 1379 1810 1457 aliquot
1870 1378 2257 1457 fragmenta,
2320 1383 2389 1440 in

353 1480 642 1541 chartam
701 1480 1194 1559 exploratoriam
1252 1480 1516 1539 rubram
1571 1480 2006 1540 humectatam
2060 1484 2384 1562 imposita,

350 1584 535 1654 lociS,
586 1583 817 1662 quibus
865 1583 1041 1641 illam
1097 1585 1497 1661 contingant,
1546 1603 1626 1642 ne
1676 1582 2005 1644 confestim
2047 1586 2322 1645 colorem
2357 1606 2389 1645 e

350 1687 636 1745 violaceo
713 1686 1074 1744 caeruleum
1146 1685 1471 1744 inducant.
1592 1685 1757 1746 Salis
1823 1707 2106 1767 yramma
2177 1709 2386 1765 mmm,

351 1791 418 1848 in
477 1788 815 1848 centimetris
878 1787 1090 1848 cubicis
1146 1788 1341 1848 decem
1396 1786 1620 1866 Aquae
1684 1789 1990 1860 solutum,
2057 1792 2110 1850 si
2172 1790 2395 1873 aliquot

347 1892 525 1973 quitis
570 1891 859 1969 Liquoris
906 1890 1082 1949 Ferri
1130 1890 1618 1968 sesquichlorati
1663 1895 2148 1971 temperaveriS,
2201 1893 2389 1953 Chlo-

351 1992 724 2053 roformium
781 1991 1105 2073 adjectum
1168 1993 1378 2052 colore
1431 1994 1719 2053 violaceo
1776 2013 1858 2053 ne
1914 1993 2174 2055 inficiat.
2280 1997 2390 2056 So-

353 2098 612 2156 lutionis
647 2097 798 2171 (1=
826 2096 928 2173 20)
957 2101 1303 2176 yrammclta
1333 2097 1552 2177 vzyc'nti,
1598 2099 1774 2177 quitis
1813 2103 2090 2178 quattuor
2122 2099 2389 2159 Solutio-

351 2201 450 2259 nis
497 2199 692 2278 Baryi
738 2200 950 2258 nitrici
995 2206 1376 2278 temperata,
1425 2218 1506 2257 ne
1552 2200 1908 2259 turbentur.

445 2302 775 2362 Centz'metrz‘
824 2301 1010 2361 cubici
1059 2301 1254 2361 decem
1311 2302 1639 2361 solutionis
1689 2321 1989 2381 aquosae,
2041 2303 2220 2384 cujus
2267 2325 2390 2365 cen-

355 2406 566 2465 tz'metrz'
608 2403 794 2464 cubici
837 2405 1057 2464 centeni
1093 2409 1438 2485 yrammata
1484 2410 1650 2464 terna,
1680 2404 1854 2463 Kalii
1902 2406 2177 2466 bromati
2216 2427 2391 2486 pror-

358 2527 464 2567 sus
528 2508 826 2566 exsiccati
891 2507 1242 2578 continent,
1308 2507 1533 2588 aliquot
1584 2509 1762 2588 quitis
1816 2508 2160 2568 Solutionis
2221 2510 2394 2569 Kalii

360 2609 668 2670 chromici
733 2609 998 2680 additis,
1057 2609 1347 2688 Liquoris
1403 2610 1673 2688 Argenti
1727 2612 1938 2669 nitrici
1993 2612 2395 2671 Volumetrici

298 2736 303 2739 ·
358 2732 438 2771 ne
493 2713 639 2792 plus
695 2730 891 2791 quam
945 2711 1100 2788 25ss
1165 2714 1522 2773 centzmetros
1576 2711 1808 2774 cubicos
1866 2724 2267 2786 consumant,
2325 2726 2396 2774 ut

360 2821 727 2874 constanter
772 2813 1158 2874 rubicentur.

830 3061 1213 3148 Kalium
1277 3062 1914 3148 carbonicum.

448 3224 670 3283 Pulvis
734 3224 945 3294 albus,
1020 3226 1085 3282 in
1137 3230 1319 3304 parte
1382 3224 1619 3306 aequali
1678 3224 1899 3303 Aquae
1969 3226 2238 3305 limpide
2300 3246 2395 3285 so-

362 3326 608 3396 lubilis,
643 3328 976 3385 reaetionis
1004 3327 1339 3398 alcalinae,
1376 3329 1438 3386 in
1463 3326 1741 3406 partibus
1773 3334 1996 3387 centum
2034 3350 2156 3386 non
2191 3333 2395 3386 minus

362 3448 557 3508 quam
604 3431 924 3511 nonaqz’ma
972 3430 1224 3511 quinque
1262 3430 1432 3489 Kalii
1485 3430 1804 3489 carboniei
1844 3432 2189 3490 continens.
2287 3431 2393 3487 So-

1992 3560 2038 3600 lt)
