2808 3996
1342 287 1492 356 255

505 467 862 543 Antequam
903 465 1223 544 Syrupum
1270 465 1439 524 coles
1486 464 1586 523 vel
1631 463 1854 534 filtreS,
1910 469 2156 523 tamtum
2203 461 2423 542 Aquae

418 565 603 636 adde,
648 580 956 645 quantum
986 566 1283 637 sufficiat,
1324 578 1397 626 ut
1426 566 1536 626 fiat
1564 565 1836 647 pondus,
1869 565 2041 644 quod
2074 566 2140 624 in
2170 584 2420 644 quoque

418 665 669 748 Syrupo
707 669 995 749 parando
1042 670 1437 749 propositum
1481 678 1590 729 est.

505 769 793 852 Sympus
823 774 1273 852 unusquisque,
1318 782 1580 853 excepto
1613 773 1865 853 Syrupo
1900 771 2420 852 Amygdalarum,

416 872 719 953 limpidus
759 877 857 936 sit.

941 1123 1372 1238 Syrupus
1433 1124 1922 1210 Althaeae.

591 1286 849 1346 Radicis
896 1288 1193 1346 Althaeae
1240 1287 1525 1347 concisae
1556 1293 1766 1368 partes
1819 1287 2012 1347 decem
2029 1333 2215 1345 .....
2325 1290 2423 1361 10,

765 1389 953 1468 Aqua
999 1389 1278 1460 ablutas,
1331 1389 1562 1449 deinde

591 1490 872 1570 Spiritus
906 1491 1181 1571 partibus
1226 1493 1477 1574 quinque
1503 1539 2215 1552 .................
2364 1494 2402 1551 5

767 1607 828 1654 et

589 1701 808 1776 Aquae
834 1697 1110 1777 partibus
1141 1698 1393 1759 ducentis
1417 1700 1837 1780 quinquaqinta
1854 1745 2214 1757 .........
2275 1700 2403 1758 250

766 1799 1156 1880 superfusas,
1236 1803 1486 1881 saepius
1558 1801 1858 1881 agitando
1927 1821 2040 1880 per
2108 1810 2231 1859 tres

766 1903 959 1963 horas
1007 1923 1283 1975 macera,
1333 1911 1469 1964 tum
1502 1906 1639 1965 oola
1673 1906 2073 1984 expressione
2099 1924 2229 1963 non

767 2005 1078 2067 adhibita.

853 2109 928 2168 In
975 2108 1152 2190 eujus
1201 2111 1518 2170 colaturae

592 2212 866 2275 Partibus
912 2212 1165 2273 ducentis
1195 2259 2215 2273 ........................
2275 2215 2403 2273 200

767 2315 943 2374 solve

593 2416 894 2478 Sacehari
928 2422 1136 2497 partes
1179 2423 1457 2479 trecentas
1502 2466 1602 2477 ...
1633 2466 1645 2477 .
1678 2466 1689 2477 .
1721 2466 1733 2477 .
1766 2466 1777 2477 .
1808 2466 1820 2477 .
1854 2466 1864 2478 .
1896 2467 1908 2478 .
1941 2467 1951 2477 .
1984 2466 1996 2478 .
2028 2467 2039 2478 .
2072 2467 2083 2478 .
2116 2467 2127 2478 .
2160 2466 2214 2478 ..
2277 2422 2423 2480 300.

767 2528 838 2580 ut
883 2519 1041 2580 fiant

595 2623 830 2703 Sympi
863 2629 1071 2703 partes
1116 2624 1455 2705 quinqentae
1502 2671 2215 2685 .................
2277 2629 2423 2686 500.

506 2726 602 2787 Sit
644 2727 934 2807 paullum
981 2724 1271 2786 flavidus.

803 2973 1232 3088 Syrupus
1295 2975 1653 3088 Amygd
1664 2975 2042 3062 alarum.

598 3136 1094 3216 Amygdalarum
1142 3136 1416 3196 dulcium
1457 3142 1659 3217 partes
1703 3139 2120 3220 quinquaqinta
2158 3185 2169 3196 .
2201 3184 2213 3196 .
2317 3139 2400 3197 50

774 3247 835 3300 et

598 3343 1092 3422 Amygdalarnm
1143 3362 1497 3401 amararum
1538 3347 1740 3421 partes
1786 3342 1979 3404 decem
2026 3387 2212 3401 .....
2320 3343 2419 3417 10,

774 3445 1183 3506 decorticatas
1230 3452 1291 3503 et
1337 3444 1564 3514 elutas·‚
